2550 3260
1250 113 1303 155 14

168 243 269 288 libri
296 242 423 298 primi
453 253 626 285 carmen
654 242 926 296 conpositum
956 244 1037 284 est.
1092 241 1131 284 N
1136 253 1190 285 on
1220 240 1402 285 multum
1431 245 1584 286 tamen
1604 242 1719 296 apud
1738 239 1954 285 Tibullum
1981 240 2155 294 quidem
2181 240 2282 287 huic
2309 241 2374 285 rei

169 319 448 366 tribuendum
476 331 575 364 esse
603 321 723 374 puto.
780 318 1034 363 Adscribam
1062 330 1217 364 versus
1248 320 1268 361 1
1282 318 1402 363 —32
1439 322 1489 362 ut
1515 318 1620 363 mihi
1649 318 1886 363 adornandi
1914 321 1960 363 et
1987 317 2251 373 distiguendi
2277 329 2377 367 esso

166 399 380 443 videntur.

672 462 795 506 Adde
823 475 986 505 merum
1016 463 1201 516 vinoque
1229 474 1364 506 novos
1394 474 1603 517 conpesce
1633 462 1816 514 dolores,

781 542 963 593 occupet
989 543 1039 582 ut
1065 538 1172 584 fessi
1200 539 1362 583 lumina
1389 540 1503 583 victa
1531 551 1682 595 sopor:
1720 590 1722 592 ,

668 629 755 662 neu
787 617 1014 670 quisquam
1042 617 1176 660 multo
1204 616 1426 675 perfusum
1454 620 1652 670 tempora
1678 617 1850 660 Baccho

783 694 955 746 excitet,
987 693 1135 737 infelix
1164 694 1265 737 dum
1294 694 1528 746 requiescit
1556 706 1687 737 amor.

517 771 555 814 5.
668 783 770 815 nam
798 771 943 825 posita
970 775 1039 815 est
1066 774 1242 815 nostrae
1271 770 1469 816 custodia
1499 783 1627 815 saeva
1654 770 1835 825 puellae,

781 848 996 893 clauditur
1024 852 1069 892 et
1098 848 1206 891 dura
1234 848 1363 891 ianua
1394 846 1517 895 firma
1546 860 1655 892 sera.

671 956 813 1001 Ianua
841 953 1027 1000 difficilis
1057 955 1267 1009 dominae,
1297 958 1342 999 te
1369 955 1568 1000 verberet
1595 956 1741 1009 imber,

784 1037 828 1078 te
857 1033 972 1078 Iovis
1001 1032 1181 1087 imperio
1208 1031 1388 1078 fulmina
1416 1034 1551 1078 missa
1578 1038 1740 1088 petant.

672 1111 814 1162 ianua,
846 1111 931 1153 iam
959 1114 1110 1163 pateas
1139 1111 1212 1153 uni
1241 1110 1358 1163 mihi,
1388 1111 1503 1153 victa
1531 1110 1746 1164 querellis,

495 1190 560 1233 10.
783 1199 868 1231 neu
896 1186 1044 1231 furtim
1072 1200 1198 1232 verso
1226 1189 1400 1233 cardine
1430 1192 1581 1242 aperta
1609 1199 1751 1232 sones.

672 1300 717 1341 et
745 1295 859 1340 mala
889 1296 925 1340 si
956 1308 1042 1350 qua
1069 1297 1148 1341 tibi
1178 1297 1285 1342 dixit
1315 1298 1531 1342 dementia
1559 1300 1721 1349 nostra,

781 1374 1007 1433 ignoscas:
1039 1375 1170 1429 capiti
1200 1375 1288 1418 sint
1315 1386 1468 1430 precor
1496 1374 1570 1418 illa
1598 1387 1706 1418 meo.

674 1457 718 1496 te
752 1453 999 1495 meminisse
1030 1453 1166 1506 decet,
1198 1466 1308 1507 quae
1337 1454 1521 1507 plurima
1548 1465 1652 1496 voce
1682 1452 1827 1505 peregi

785 1531 990 1585 supplice,
1023 1542 1119 1573 cum
1147 1531 1263 1584 posti
1293 1530 1446 1574 florida
1475 1535 1593 1574 serta
1621 1531 1780 1573 darem.

496 1639 561 1682 15.
678 1638 744 1682 Tu
774 1651 945 1693 quoque
976 1653 1029 1683 ne
1059 1640 1208 1684 timide
1237 1640 1453 1692 custodes,
1484 1640 1621 1691 Delia,
1652 1637 1753 1682 falle

788 1717 1032 1759 audendum
1062 1721 1153 1759 est:
1183 1716 1318 1759 fortes
1348 1717 1524 1760 adiuvat
1550 1717 1646 1769 ipsa
1674 1716 1832 1759 Venus.

673 1793 751 1835 illa
777 1792 905 1845 favet,
937 1804 1016 1836 seu
1045 1793 1142 1846 quis
1172 1794 1337 1837 iuvenis
1366 1805 1477 1837 nova
1503 1793 1652 1836 limina
1679 1795 1876 1845 temptat,

788 1883 866 1913 seu
894 1876 1062 1915 reserat
1090 1871 1175 1915 fixo
1205 1872 1334 1915 dente
1363 1872 1508 1926 puella
1535 1870 1670 1915 fores:

500 1980 567 2021 21.
680 1979 756 2022 illa
784 1980 876 2022 viro
906 1993 1050 2023 coram
1078 1986 1211 2024 nutus
1242 1981 1434 2025 conferre
1462 1982 1665 2034 loquaces

788 2057 1031 2112 blandaque
1061 2059 1298 2113 conpositis
1329 2059 1487 2103 abdere
1515 2058 1645 2101 verba
1674 2058 1803 2109 notis,

500 2135 563 2176 19.
677 2135 752 2178 illa
781 2136 908 2179 docet
935 2135 1082 2179 furtim
1112 2136 1229 2180 molli
1259 2136 1467 2180 decedere
1494 2122 1621 2186 lecto,

499 2212 565 2255 20.
789 2212 863 2255 illa
891 2213 1046 2266 pedem
1074 2213 1192 2256 nullo
1221 2224 1381 2266 ponere
1410 2225 1539 2267 posse
1567 2223 1686 2255 sono.

499 2321 566 2364 23.
680 2321 772 2366 Nec
802 2321 928 2364 docet
955 2320 1037 2365 hoc
1068 2320 1217 2374 omnis,
1250 2321 1329 2365 sed
1357 2332 1465 2375 quos
1495 2333 1574 2365 nec
1603 2320 1759 2364 inertia
1787 2319 1932 2364 tardat

789 2410 869 2442 nec
898 2402 1018 2442 vetat
1047 2398 1230 2442 obscura
1259 2410 1436 2454 surgere
1465 2401 1591 2442 nocte
1620 2397 1760 2450 timor,

502 2664 568 2705 25.
683 2675 764 2706 nec
794 2664 899 2705 sinit
928 2669 1125 2706 occurrat
1154 2665 1380 2717 quisquam
1410 2664 1483 2715 qui
1511 2675 1692 2715 corpora
1719 2663 1834 2706 ferro

787 2739 982 2784 volueret
1011 2745 1087 2784 aut
1115 2745 1242 2796 rapta
1270 2741 1462 2795 praemia
1489 2743 1612 2783 veste
1640 2742 1775 2794 petat.

674 2817 878 2872 'quisquis
908 2830 1053 2863 amore
1082 2821 1266 2871 tenetur,
1297 2821 1370 2862 eat
1398 2821 1604 2871 tutusque
1633 2827 1840 2871 sacerque

791 2895 1002 2950 qualibet:
1033 2895 1214 2938 insidias
1243 2907 1330 2939 non
1358 2895 1556 2939 timuisse
1587 2895 1724 2938 decet.
