2550 3260
1256 127 1307 171 15

676 253 744 295 En
773 265 854 307 ego
883 265 979 297 cum
1005 254 1197 299 tenebris
1224 259 1319 299 tota
1345 261 1478 308 vagor
1506 255 1657 299 anxius
1685 255 1791 297 urbe

676 450 762 488 non
789 439 894 483 mihi
921 441 1045 495 pigra
1071 446 1229 486 nocent
1255 443 1459 501 hibernae
1487 443 1649 496 frigora
1676 442 1830 495 noctis,

497 513 563 557 30.
784 527 871 560 non
898 516 1014 571 mihi,
1045 530 1141 576 cum
1167 519 1303 563 multa
1330 521 1490 580 decidit
1517 521 1654 564 imber
1680 533 1805 580 aqua.

674 606 761 637 non
788 593 910 638 labor
936 594 1006 638 hic
1032 595 1178 649 laedit,
1207 597 1374 641 reseret
1400 599 1527 642 modo
1556 598 1860 655 Delia-postes

783 675 828 715 et
853 676 980 715 vocet
1009 672 1064 715 ad
1092 673 1214 727 digiti
1242 685 1309 717 me
1323 669 1553 717 ¹taciturna
1582 687 1747 732 sonum.

177 775 325 820 Binae.
341 778 545 833 strophae
573 781 735 848 arctius
762 782 877 826 inter
904 795 951 827 se
980 782 1209 827 cohaerere
1236 784 1452 828 videntur:
1482 785 1521 826 2.
1548 784 1575 826 3
1602 807 1659 815 —
1685 787 1725 827 4.
1747 786 1772 827 5
1801 808 1858 816 —
1886 787 1925 828 6.
1947 786 1986 828 7.
2045 784 2093 828 Si
2121 784 2219 839 quis
2247 784 2382 838 igitur

178 857 362 908 quatuor
389 855 533 913 potius
563 856 843 902 distichorum
873 859 1073 915 strophas
1102 860 1363 915 distinguere
1391 861 1575 904 voluerit
1601 873 1687 905 non
1716 862 1988 907 adversabor.

343 1028 430 1075 Sed
470 1028 556 1071 iam
592 1039 672 1071 nos
711 1026 766 1070 ad
804 1039 858 1070 ea
895 1030 1191 1071 convertamus
1230 1038 1339 1081 quae
1368 1029 1575 1072 secuntur
1599 1026 1700 1072 inde
1729 1039 1755 1070 a
1781 1038 1909 1072 versu
1936 1027 2004 1071 33.
2062 1026 2186 1070 Nova
2213 1026 2268 1070 ab
2297 1026 2381 1071 hoc

177 1119 304 1152 versu
333 1106 486 1160 incipit
512 1104 670 1157 elegia:
701 1103 827 1146 Delia
846 1115 870 1146 e
889 1104 1031 1147 mariti
1051 1103 1229 1147 aedibus
1258 1116 1489 1158 progressa
1515 1116 1541 1147 a
1571 1104 1738 1147 Tibullo
1767 1105 1823 1147 ad
1849 1099 1991 1148 tutum
2020 1104 2208 1158 aliquem
2235 1103 2379 1147 locum

175 1184 436 1241 perducitur.
481 1182 693 1237 Loquitur
720 1185 849 1235 poeta
878 1182 979 1226 dum
1004 1194 1083 1237 per
1109 1183 1201 1226 vias
1219 1180 1465 1237 properant.
1510 1181 1570 1225 Et
1586 1182 1806 1227 mirandus
1827 1195 1931 1227 sane
1955 1185 2025 1227 est
2043 1194 2174 1237 quam
2202 1181 2380 1237 egregie

175 1262 370 1315 adfectus
408 1262 694 1318 expresserit:
734 1260 871 1314 primo
911 1260 1045 1311 enim,
1086 1260 1186 1302 dum
1213 1272 1365 1304 recens
1392 1264 1554 1312 metus,
1595 1253 1696 1303 dum
1732 1262 1974 1315 propinqua
2001 1261 2194 1314 coniugis
2225 1260 2379 1304 domus

173 1341 357 1384 maxime
385 1341 510 1382 anxio
538 1343 609 1383 est
636 1343 682 1382 et
719 1338 933 1381 concitato
972 1338 1135 1389 animo,·
1176 1350 1302 1390 quem
1332 1350 1356 1381 e
1379 1337 1578 1380 -versibus
1606 1339 1792 1381 33—40
1827 1338 1953 1381 facile
1991 1350 2245 1391 cognosces:
2290 1350 2379 1381 non

177 1418 365 1473 puellam
393 1418 660 1472 adloquitur,
700 1416 777 1467 sed
815 1416 853 1458 si
889 1416 985 1469 quis
1024 1416 1190 1459 obviam
1218 1414 1306 1459 fiat.
1365 1415 1465 1460 Mox
1491 1408 1629 1469 primo
1658 1420 1862 1471 superato
1890 1414 2104 1471 periculo,
2144 1419 2378 1470 postqum

176 1496 343 1539 animus
372 1494 514 1539 subito
544 1494 700 1547 gaudio
730 1493 856 1536 simul
885 1497 930 1537 et
958 1494 1174 1537 anxietate
1202 1492 1404 1537 confusus
1441 1493 1496 1536 ad
1533 1506 1580 1537 se
1608 1494 1750 1548 ipsum
1782 1493 1923 1546 rediit,
1954 1493 2172 1538 sedatiore
2199 1491 2377 1539 flumine

172 1572 269 1617 fluit
297 1573 455 1617 oratio:
495 1572 551 1615 ad
579 1571 747 1615 Deliam
785 1582 993 1614 conversa
1029 1571 1223 1615 oratione
1250 1570 1387 1615 fusius
1415 1582 1496 1615 nec
1525 1571 1618 1614 sine
1647 1570 1795 1614 multis
1821 1570 1963 1615 verbis
1991 1570 2199 1614 describit
2225 1583 2377 1625 sagam

171 1650 352 1704 eiusque
390 1648 549 1701 officia,
590 1661 700 1703 quae
729 1652 958 1703 postquam
986 1659 1072 1691 non
1101 1649 1209 1691 satis
1238 1647 1421 1691 credidit
1447 1647 1523 1691 illa
1555 1648 1672 1691 aliud
1701 1648 1754 1691 de
1782 1648 1933 1691 eadem
1962 1659 2067 1701 saga
2093 1652 2263 1691 narrat:
2302 1660 2377 1691 vo-

168 1727 303 1771 luisse
330 1739 427 1771 eam
454 1738 599 1770 amore
627 1726 769 1781 ipsum
798 1725 975 1768 solvere.
1033 1725 1120 1768 Sed
1146 1725 1337 1769 noluisse
1365 1737 1414 1768 se
1443 1737 1588 1769 amore
1617 1725 1744 1768 solvi:
1784 1736 1839 1768 ne
1875 1736 2003 1778 posse
2043 1725 2218 1778 quidem
2246 1725 2376 1769 Delia

170 1816 316 1849 carere
345 1816 393 1848 se
419 1802 530 1848 velle
559 1801 769 1847 adfirmat.
827 1801 958 1845 Vides
984 1801 1070 1845 iam
1098 1801 1160 1845 ita
1188 1801 1373 1856 colloqui
1401 1812 1497 1844 cum
1524 1802 1668 1855 puella
1695 1801 1926 1855 Tibullum,
1967 1806 2017 1844 ut
2053 1802 2128 1855 qui
2156 1803 2298 1845 securi
2327 1806 2375 1846 et

169 1883 223 1926 ab
253 1882 368 1926 omni
394 1881 585 1937 periculo
612 1880 765 1925 remoti
797 1879 1076 1923 collocuntur.

339 1958 428 2004 Sed
455 1970 680 2013 quousque
707 1957 818 2001 hanc
847 1957 1028 2012 elegiam
1055 1956 1288 2012 procedere
1318 1956 1535 2000 dicemus?
1579 1957 1733 2001 Statim
1755 1957 1876 2002 vides
1895 1969 2048 2002 versus
2078 1958 2243 2002 79—98
2271 1958 2376 2003 alie·

167 2049 247 2081 nos
277 2048 387 2082 esse.
446 2036 554 2081 Cum
583 2036 696 2092 enim
724 2035 792 2079 his
820 2036 1016 2079 versibus
1053 2034 1291 2078 miserrime
1325 2037 1529 2088 queratur
1556 2035 1750 2078 Tibullus
1779 2047 1865 2078 non
1893 2035 2158 2090 pertinuisse
2185 2040 2374 2090 possunt

166 2115 222 2158 ad
260 2114 443 2169 elegiam
480 2125 566 2169 qua
600 2113 836 2157 laetissime
875 2112 1026 2157 Deliae
1062 2111 1207 2165 fugam
1244 2112 1498 2166 descripsit·
1550 2112 1636 2156 Sed
1673 2113 1860 2156 dubitari
1898 2114 2040 2167 possit
2079 2114 2134 2157 de
2171 2114 2370 2158 versibus

165 2192 342 2236 65—78.
400 2191 492 2236 Hos
530 2191 645 2236 enim
683 2188 824 2246 possit
861 2189 1015 2244 aliquis
1051 2201 1150 2233 cum
1184 2189 1379 2232 versibus
1407 2188 1474 2231 63.
1504 2189 1559 2231 64
1586 2190 1864 2243 coniungere:
1893 2202 1994 2235 nam
2021 2194 2255 2244 postquam
2282 2190 2372 2233 illic

164 2267 272 2313 dixit
308 2267 500 2313 noluisse
538 2280 586 2312 se
622 2267 731 2312 solvi
769 2279 935 2319 amore,
973 2273 1053 2309 nec
1080 2278 1210 2320 posse
1238 2265 1364 2308 Delia
1392 2277 1538 2309 carere
1572 2277 1620 2308 se
1649 2266 1779 2317 velle,
1819 2266 1979 2309 addere
2018 2267 2206 2320 quodam
2243 2267 2373 2310 modo

164 2346 307 2398 potuit
333 2344 520 2388 ferreum
547 2345 683 2389 fuisse
712 2344 844 2396 illum,
876 2344 960 2397 qui,
992 2356 1088 2387 cum
1116 2343 1307 2397 potuerit
1332 2342 1492 2387 habere
1525 2342 1723 2397 puellam,
1755 2355 1902 2388 carere
1932 2357 1985 2388 ea
2011 2345 2200 2399 praedae
2229 2349 2275 2388 et
2303 2358 2372 2388 ar·

166 2434 332 2466 morum
361 2435 493 2467 causa
519 2421 731 2466 maluerit.

330 2498 416 2546 Sed
444 2499 627 2557 primum
654 2509 805 2555 parum
833 2500 934 2555 apte
962 2497 1006 2541 in
1035 2497 1152 2541 aliud
1179 2509 1349 2559 semper
1378 2509 1429 2540 ex
1457 2496 1541 2539 alio
1575 2497 1763 2540 incidere
1800 2498 2021 2542 videretur
2058 2503 2209 2554 poeta:
2249 2503 2369 2543 tutos

162 2589 260 2621 esse
289 2578 397 2621 dixit
425 2582 619 2621 amantes
648 2589 779 2630 sagae
807 2578 922 2618 illius
951 2578 1124 2619 merito:
1153 2578 1270 2619 facta
1299 2589 1428 2629 sagae
1447 2577 1665 2618 mentione
1684 2578 1837 2618 incidit
1854 2579 1899 2619 in
1925 2580 2219 2635 narrationem
2237 2579 2367 2629 illam,

160 2657 349 2699 voluisse
377 2658 519 2710 ipsum
548 2657 713 2699 solvere
742 2668 887 2698 amore
916 2667 1064 2707 sagam
1092 2655 1171 2697 sed
1200 2668 1247 2698 se
1275 2667 1521 2698 recusasse:
1551 2654 1636 2697 iam
1664 2655 1709 2698 in
1729 2659 1918 2699 mentem
1945 2655 2064 2700 venit
2092 2655 2266 2710 quidam
2294 2655 2369 2710 qui

161 2745 309 2777 carere
337 2734 480 2787 potuit
507 2733 634 2778 Delia
663 2745 877 2777 armorum
905 2736 950 2776 et
977 2731 1163 2786 praedae
1192 2731 1390 2787 cupidine
1419 2735 1591 2786 captus:
1622 2730 1781 2786 loquax
1808 2745 1904 2778 meo
1934 2731 2108 2788 quidem
2135 2732 2294 2778 iudicio
2308 2732 2371 2777 vi-

159 2810 334 2856 deretur
362 2810 557 2856 Tibullus
587 2809 625 2854 si
652 2810 716 2855 ita
744 2809 1045 2865 conposuisset
1072 2809 1265 2864 elegiam.

325 2888 493 2933 Deinde
522 2888 637 2944 quod
663 2899 816 2931 versus
845 2887 911 2929 63.
938 2887 1005 2930 64‘
1022 2888 1220 2942 sequitur
1246 2888 1413 2932 ferreus
1441 2889 1515 2931 ille
1541 2888 1714 2942 placere
1741 2900 1829 2931 non
1858 2889 2020 2942 poterit
2047 2900 2186 2942 neque
2216 2900 2369 2930 sanum

157 2966 293 3009 videri
320 2967 405 3010 nisi
435 2968 618 3010 strictim
646 2966 845 3009 intuenti.
891 2965 973 3017 Qui
994 2966 1107 3009 enim
1127 2967 1236 3010 satis
1256 2967 1510 3020 expenderit
1536 2968 1681 3019 magni
1709 2967 1828 3009 illam
1855 2968 2060 3021 ponderis
2091 2968 2364 3019 sententiam,

158 3055 268 3097 quae
296 3044 490 3088 versibus
512 3044 578 3087 63.
600 3045 655 3087 64
675 3044 931 3097 continetur,
954 3043 1180 3097 Tibullum,
1203 3056 1300 3088 cum
1320 3049 1627 3099 aspernaretur
1645 3044 1786 3099 ipsum
1813 3044 1969 3100 puella,
2000 3044 2191 3089 noluisse
2219 3049 2365 3088 tamen
