2550 3260
1261 93 1313 135 13

349 224 498 275 Ipsum
525 224 609 267 hoc
634 224 922 275 fragmentum
948 224 1012 265 ita
1040 223 1296 275 explicatum
1326 224 1434 265 satis
1463 221 1765 273 intellegimus.
1817 222 2118 272 Quaerendum
2146 225 2291 264 autem
2319 226 2392 265 est

182 311 287 345 num
326 300 382 344 ad
418 304 633 353 nostram,
673 300 702 343 i.
733 313 769 344 e.
799 312 896 345 eam
923 312 1034 354 quae
1061 312 1089 343 a
1115 312 1244 344 versu
1274 302 1294 343 l
1326 300 1499 354 incipit,
1531 298 1712 353 elegiam
1740 298 1970 354 pertineat.
2027 298 2138 344 Nam
2165 299 2282 355 quod
2307 299 2390 346 hoc

183 376 456 432 potissimum
483 377 580 421 loco
606 377 766 430 legitur
793 387 896 419 cave
921 387 1001 430 pro
1029 376 1276 420 testimonio
1303 377 1490 432 accipias
1518 388 1617 420 cum
1644 377 2003 429 praecedentibus
2023 377 2068 419 id
2088 377 2232 430 aliquo
2260 378 2387 421 modo

185 453 430 497 cohaerere.
487 454 595 496 Cum
633 454 746 496 enim
782 456 884 505 post
917 459 1090 496 versum
1115 453 1172 495 28
1199 465 1287 500 non
1322 455 1512 507 positum
1549 456 1608 496 sit
1635 466 1663 496 a
1687 459 1819 507 poeta
1857 455 1935 497 sed
1963 455 2018 496 ab
2056 454 2141 497 alio
2169 455 2383 508 quopiam,

183 530 318 575 nihilo
354 532 444 574 veri
482 530 662 574 similius
701 534 771 573 est
805 530 996 573 eiusdem
1034 541 1162 583 quam
1198 531 1309 573 alius
1345 531 1508 583 elegiae
1546 543 1644 575 esse
1683 531 1951 584 particulam.
2012 532 2071 575 Et
2107 531 2225 574 haud
2258 532 2387 576 dubie

184 613 364 666 propter
399 620 593 653 crassum
630 607 844 662 quendam
881 607 955 660 qui
980 597 1100 650 'effici
1128 618 1256 660 posse
1283 608 1508 652 videbatur
1535 609 1847 652 sententiarum
1876 620 2085 653 conexum
2113 609 2181 653 vel
2209 612 2388 663 propter

187 686 511 731 similitudinem
548 685 763 739 quandam
800 684 1042 737 argumenti
1079 684 1161 727 hoc
1197 685 1293 728 loco
1331 686 1486 739 aliquis
1524 686 1672 740 posuit
1698 687 1889 729 incertae
1919 687 2036 730 sedis
2082 687 2385 738 fragmentum.

188 764 451 810 Hexameter
478 762 552 808 ille
581 764 735 818 postea
763 760 911 805 sedem
938 763 1130 807 mutasse
1158 762 1374 817 putandus
1403 766 1483 806 est.
1540 762 1729 806 Possunt
1757 764 1874 807 certe
1902 764 2009 808 haec
2036 764 2302 819 pertinuisse
2330 763 2389 807 ad

186 841 368 897 elegiam
405 840 592 895 aliquam
629 851 715 893 qua
750 838 886 880 amico
924 838 1092 880 cuidam
1131 839 1185 881 de
1222 840 1437 882 amoribus
1477 841 1567 882 suis
1605 840 1794 883 narrarit
1819 841 2025 883 Tibullus
2065 844 2111 883 et
2148 840 2389 882 adfirmarit

185 922 308 961 tanto
347 931 394 960 se
433 930 578 960 amore
617 917 774 967 teneri,
813 920 864 957 ut
890 917 1012 958 nihili
1039 916 1172 958 faciat
1197 918 1282 959 imo
1315 930 1370 959 ne
1400 918 1561 958 sentiat
1589 919 1761 969 quidem
1788 918 1993 959 hibernae
2021 920 2163 959 noctis
2191 918 2385 968 iniurias,

185 996 314 1037 modo
342 1008 369 1036 a
396 995 540 1046 puella
568 994 832 1035 admittatur.
890 994 1092 1035 Attamen
1121 994 1227 1035 certi
1260 995 1492 1045 quidquam
1518 994 1599 1035 hac
1627 995 1800 1045 quidem
1828 995 1882 1037 de
1918 1008 1965 1036 re
1994 1008 2081 1038 non
2110 994 2386 1037 adfirmarim.

354 1070 440 1116 Sed
470 1070 671 1126 quoniam
698 1068 840 1113 locum
867 1069 1105 1114 invenimus
1133 1068 1381 1114 hexametro
1409 1069 1484 1124 illi,
1515 1070 1589 1126 qui
1613 1070 1880 1125 sequebatur
1907 1083 2080 1116 versum
2105 1071 2170 1125 24,
2201 1067 2387 1116 redeuu—

188 1148 290 1192 dum
330 1151 399 1191 est
436 1148 492 1191 ad
531 1159 628 1191 eum
664 1147 806 1190 locum
844 1146 956 1189 unde
994 1146 1108 1189 hunc
1141 1158 1311 1190 versum
1350 1147 1616 1190 sustulimus.
1657 1148 1796 1201 Nam,
1838 1149 1953 1201 quod
1991 1153 2109 1192 recte
2140 1149 2387 1192 observavit

187 1225 546 1277 Wunderlichius,
576 1225 666 1267 veri
697 1223 835 1266 simile
864 1236 949 1267 non
978 1223 1146 1266 videtur
1173 1224 1236 1266 ita
1263 1224 1488 1278 scripsisse
1517 1229 1713 1278 poetam:

482 1304 548 1345 23.
660 1314 740 1344 nec
769 1302 895 1344 docet
922 1301 1004 1344 hoc
1033 1302 1181 1353 omnis,
1211 1301 1290 1344 sed
1317 1313 1425 1354 quos
1452 1313 1532 1344 nec
1560 1304 1717 1346 inertia
1745 1304 1890 1345 tardat

791 1391 871 1423 nec
898 1383 1017 1423 vetat
1044 1379 1225 1423 obscura
1253 1392 1429 1434 surgere
1446 1367 1583 1424 >nocte
1609 1381 1748 1433 timor,

481 1458 547 1500 25.
660 1469 739 1501 nec
768 1456 871 1500 sinit
899 1461 1095 1501 occurrat
1122 1456 1348 1512 quisquam
1377 1461 1477 1501 cett.

188 1536 334 1579 obstat
362 1535 575 1590 particula
604 1547 683 1577 nec
711 1535 755 1577 in
784 1534 913 1576 trium
941 1546 1139 1577 versuum
1167 1534 1291 1577 initio
1319 1535 1517 1588 repetita,
1553 1535 1614 1577 ita.
1643 1539 1788 1578 tamen
1816 1540 1866 1577 ut
1892 1536 1945 1578 de
1974 1536 2220 1590 anaphorae
2248 1534 2389 1589 figura

187 1625 273 1656 non
302 1613 363 1656 sit
389 1611 676 1665 cogitandum,
707 1623 846 1664 neque
875 1611 991 1664 quod
1007 1622 1135 1654 versu
1153 1610 1208 1653 25
1236 1609 1420 1664 legimus
1440 1609 1556 1664 '‚nec‘
1584 1612 1847 1665 respondeat
1875 1613 1915 1655 ei
1935 1612 2050 1666 quod
2078 1616 2148 1656 est
2164 1625 2295 1656 versu
2313 1613 2382 1655 24.

187 1690 393 1734 Fortasse
423 1688 556 1743 igitur
584 1688 715 1732 etiam
742 1691 908 1733 remoto
937 1686 1187 1732 hexametro
1215 1686 1289 1731 illo
1316 1690 1420 1742 post
1436 1699 1609 1732 versum
1632 1688 1687 1730 24
1715 1687 1877 1743 aliquid
1905 1689 2116 1734 excidisse
2145 1689 2385 1746 putandum

186 1768 281 1813 erit.
338 1766 517 1812 Accedit
553 1766 667 1822 quod
695 1768 787 1809 tum
816 1777 1009 1820 quoque,
1046 1765 1083 1809 si
1111 1764 1249 1809 solam
1288 1765 1548 1809 sententiam
1587 1769 1853 1820 spectamus,
1895 1766 2050 1811 deesse
2080 1767 2241 1823 aliquid
2269 1767 2387 1811 vide·

185 1849 269 1890 tur.
328 1845 436 1889 Cum
465 1845 578 1889 enim
606 1844 802 1888 versibus
834 1845 898 1887 19.
928 1844 984 1888 20
1011 1844 1166 1888 docere
1194 1843 1363 1887 dicatur
1389 1844 1535 1888 Venus
1573 1843 1721 1888 furtim
1759 1845 1968 1890 decedere
2003 1846 2136 1899 lecto,
2179 1845 2387 1890 excedere

187 1923 393 1975 cubiculo,
424 1934 522 1966 mox
548 1923 743 1965 versibus
772 1923 826 1964 25
855 1933 914 1964 ss.
944 1925 1170 1975 protegere
1198 1933 1277 1975 per
1303 1922 1396 1964 vias
1424 1921 1652 1975 fugientes,
1688 1922 1928 1965 mirandum
1957 1907 2062 1966 sane
2091 1927 2160 1967 est
2187 1935 2273 1966 nou
2300 1921 2385 1966 hoc

187 2012 357 2054 quoque
385 2001 595 2042 tributum
623 2010 721 2041 esse
750 1999 927 2042 Veneri:
957 1999 1110 2042 inritas
1139 1999 1234 2042 eius
1255 1998 1412 2042 auxilio
1441 1998 1535 2041 fieri
1563 1999 1789 2061 custodum
1817 2000 1966 2043 tristes
1996 2001 2209 2043 excubias.
2253 1999 2387 2052 Atqui

187 2078 359 2131 egregie
386 2088 559 2120 versum
587 2076 642 2118 24
678 2076 785 2120 haec
820 2076 911 2119 fere
941 2076 1062 2129 sequi
1099 2078 1319 2129 poterant:
1363 2075 1456 2127 ‚hos
1496 2079 1639 2119 autem
1678 2075 1901 2130 (audaces)
1938 2077 2068 2120 etiam
2103 2078 2148 2119 in
2182 2075 2386 2120 fallendis

189 2155 440 2200 custodibus
483 2154 658 2198 adiuvat
701 2153 916 2208 efficitque
958 2156 1008 2196 ut
1047 2152 1093 2196 hi
1131 2153 1248 2197 caeci
1290 2153 1405 2196 sint.⁴
1461 2153 1637 2197 Diceret
1679 2152 1793 2196 euim
1831 2154 2053 2208 aptissime
2093 2154 2147 2199 de
2184 2153 2387 2198 fallendis

186 2232 438 2277 custodibus
476 2236 522 2277 et
557 2235 659 2288 post
693 2245 746 2276 ea
782 2244 894 2286 quae
928 2231 1148 2285 pertinent
1181 2230 1237 2273 ad
1271 2229 1597 2284 relinquendum
1633 2230 1872 2273 cubiculum
1909 2234 1954 2274 et
1981 2235 2082 2275 aute
2111 2244 2165 2275 ea
2192 2242 2302 2285 quae
2333 2231 2390 2274 ad

187 2310 337 2365 fugam
365 2322 444 2365 per
471 2311 575 2354 vias.
634 2309 840 2365 Suspicor
876 2309 1008 2363 igitur
1045 2312 1145 2362 post
1172 2319 1345 2352 versum
1381 2308 1436 2350 24
1472 2308 1588 2351 illius
1627 2308 1865 2351 hexametri
1902 2309 1997 2352 loco
2037 2309 2246 2363 scriptum
2285 2308 2389 2352 olim

185 2388 321 2433 fuisse
358 2391 435 2432 aut
472 2401 603 2431 unum
633 2387 848 2431 distichon
883 2390 961 2430 aut
987 2385 1131 2441 plura,
1176 2386 1332 2440 quibus
1361 2385 1443 2429 hac
1470 2386 1523 2429 de
1552 2393 1599 2429 re
1629 2386 1791 2445 dictum
1816 2384 1959 2430 fuerit.
2018 2387 2191 2430 Miraris
2218 2390 2389 2441 pertur-

183 2465 278 2511 bari
306 2466 420 2510 inter
449 2478 495 2510 se
523 2465 717 2520 potuisse
746 2468 791 2509 et
818 2464 988 2515 misceri
1016 2463 1123 2507 haec
1152 2464 1324 2508 omnia?
1380 2462 1565 2507 Difficile
1603 2474 1707 2507 sane
1744 2467 1814 2507 est
1849 2467 1894 2507 et
1931 2463 2141 2507 lubricum
2177 2475 2388 2517 quaerere

191 2555 276 2598 quo
304 2543 432 2588 modo
460 2542 561 2586 talis
601 2541 844 2597 corruptela
879 2541 1000 2584 nasci
1036 2541 1238 2596 potuerit.
1295 2540 1441 2583 Possit
1467 2540 1639 2595 ineptus
1670 2540 1824 2595 aliquis
1852 2540 2066 2594 librarius,
2097 2553 2194 2584 cum
2223 2541 2392 2583 videret

185 2621 374 2665 fortasse
402 2625 503 2674 post
528 2602 713 2663 versum¹
729 2621 784 2661 24
811 2619 985 2672 adpicta
1010 2618 1191 2662 lacunae
1220 2619 1363 2671 signa,
1403 2618 1565 2671 expleri
1593 2618 1738 2672 aliquo
1766 2619 1895 2662 modo
1924 2631 2055 2671 posse
2083 2619 2282 2661 lacunam
2310 2630 2389 2671 pu-

185 2702 304 2742 tasse
333 2698 597 2752 transposito
625 2709 752 2740 versu
781 2695 854 2750 qui
884 2708 963 2739 suo
990 2694 1087 2738 loco
1124 2707 1211 2739 nou
1249 2695 1522 2739 necessarius
1549 2695 1787 2739 videbatur.
1846 2695 1933 2738 Sed
1970 2694 2076 2737 nihil
2116 2696 2272 2749 egerit,
2312 2694 2386 2748 qui

186 2775 300 2830 apud
328 2775 409 2818 hos
436 2774 691 2828 praesertim
717 2776 871 2828 poetas
892 2784 976 2826 quo
996 2771 1125 2816 modo
1152 2784 1347 2826 quaeque
1376 2772 1623 2826 corruptela
1650 2776 1755 2817 nata
1784 2774 1844 2817 sit
1872 2773 2102 2817 ostendere
2132 2771 2330 2816 voluerit.

350 2852 611 2896 Dubitanter
638 2851 749 2894 addo
777 2863 907 2906 posse
934 2861 1087 2894 versus
1119 2849 1265 2903 1-28,
1306 2849 1345 2893 si
1371 2850 1570 2904 ponimus
1598 2857 1732 2894 unum
1761 2851 1979 2902 distichon
2007 2854 2108 2905 post
2135 2861 2306 2892 versum
2334 2848 2390 2890 24

190 2929 422 2981 excidisse,
474 2929 664 2984 strophis
704 2929 931 2973 distinctos
969 2938 1066 2971 esse
1095 2928 1179 2979 ita,
1220 2931 1270 2969 ut
1297 2928 1341 2970 in
1371 2928 1494 2971 initio
1530 2929 1673 2983 posita
1709 2930 1793 2973 tria
1827 2929 2013 2973 disticha
2047 2930 2245 2973 binorum
2281 2930 2393 2969 stro-

188 3008 301 3061 phae
332 3011 587 3079 sequantur:
632 3009 676 3050 in
705 3006 789 3050 fine
828 3006 1028 3049 carminis
1063 3007 1148 3049 tria
1175 3006 1341 3050 redisse
1370 3006 1549 3060 putandi
1579 3012 1692 3050 sunt.
1752 3007 1959 3051 Similiter
1986 3007 2172 3051 fortasse
2207 3006 2392 3061 primum
