2550 3260
1304 129 1329 169 2

212 255 323 300 libro
352 256 407 301 de
437 255 576 310 elegia
603 256 796 301 Romana
824 258 846 301 I
874 270 971 313 pag.
1002 259 1028 302 8
1058 270 1129 310 ss„
1159 262 1204 302 et
1231 258 1331 303 libri
1359 260 1537 304 secundi
1565 260 1756 313 primam,
1791 258 1957 313 quibus·
1975 260 2044 303 vix
2071 261 2264 310 invenias
2292 261 2413 315 quid-
2450 282 2453 285 >

212 345 342 387 quam
370 334 610 388 elegantius
639 339 685 378 et
712 337 948 388 rotundius,
979 337 1106 380 modo
1134 348 1188 380 ne
1217 337 1423 390 probetur
1450 337 1602 382 Haasii
1631 337 1845 380 sententia
1870 337 2034 390 elegiae
2059 337 2157 380 libri
2176 338 2221 381 11
2248 338 2410 392 primae
2432 370 2434 372 -

215 410 436 455 addendos
466 424 565 457 esse
595 413 809 457 censentis
837 425 987 458 versus
1017 414 1050 467 1,
1080 415 1142 465 10,
1163 415 1340 459 51-68,
1399 416 1516 468 Quas
1545 415 1618 469 qui
1646 415 1875 468 perlegerit
1901 427 1987 459 non
2016 427 2121 460 sane
2150 415 2410 463 mediocrem

212 488 420 532 fatebitur
448 502 528 534 nos
558 494 744 534 tractare
773 494 957 545 poetam,
989 492 1067 535 sed
1097 504 1194 536 eum
1224 492 1298 547 qui
1327 496 1371 536 et
1399 492 1570 546 ingenio
1597 491 1780 536 valuerit
1808 495 1852 535 et
1871 503 2016 536 curam
2034 491 2280 537 adhibuerit
2310 504 2410 537 con-

213 569 425 622 ponendis
456 569 714 612 carminibus
744 580 873 622 quam
902 570 1286 624 diligentissimam.

379 647 664 689 Tractandam
692 648 796 689 mihi
826 650 960 690 sumsi
989 650 1170 701 elegiam
1198 650 1294 692 libri
1321 649 1446 702 primi
1467 649 1708 699 secundam,
1731 659 1857 700 quam
1877 661 1955 702 pro
1974 660 2061 691 uno
2081 659 2217 705 eoque
2238 649 2408 702 integro

214 725 400 768 carmine
438 736 576 777 neque
605 724 796 778 Heynius
836 726 1002 779 accepit
1029 738 1167 779 neque
1197 726 1396 775 Vossius,
1438 736 1619 778 quorum
1647 729 1790 767 tamen
1819 729 1973 768 neuter
1999 726 2060 769 ita
2087 739 2178 770 rem
2206 726 2409 771 tractavit

215 806 263 845 ut
291 803 434 856 aliquo
462 803 589 844 modo
619 802 869 846 satisfacere
889 804 1013 847 nobis
1033 804 1185 858 possit.
1230 804 1288 845 At
1305 804 1595 847 recentiorum
1623 803 1676 845 de
1707 802 1833 846 huius
1862 803 2023 857 elegiae
2052 808 2097 848 et
2115 803 2407 848 continuitate

213 885 257 925 et
284 880 534 933 integritate
563 891 689 924 nemo
717 884 922 934 quantum
960 881 1048 925 scio
1090 881 1312 925 dubitavit.
1370 880 1460 923 Iam
1493 880 1613 935 prius
1644 894 1771 934 quam
1799 881 1855 924 ad
1889 880 2000 924 hanc
2027 881 2226 926 accedam
2254 882 2409 938 iterum

214 969 381 1012 moneo,-
411 970 496 1002 non
527 970 625 1003 esse
655 959 954 1014 quaerendum,
992 970 1201 1014 quaenam
1230 958 1372 1014 aliquo
1402 958 1529 1003 modo
1558 958 1785 1019 cogitando
1815 959 2014 1015 coniungi
2041 960 2229 1015 possint,
2270 972 2408 1014 neque

214 1039 258 1079 in
287 1049 394 1091 quas
424 1049 494 1080 res
524 1038 711 1081 incidere
739 1037 923 1081 fortasse
952 1037 1139 1091 potuerit
1177 1040 1306 1091 poeta
1341 1048 1486 1081 amore
1521 1036 1667 1080 furens
1711 1037 1891 1092 denique
1921 1037 2055 1082 multo
2084 1038 2181 1082 vino
2210 1037 2405 1101 prolutus

214 1139 270 1146 —
287 1129 387 1158 nam
415 1129 502 1159 non
530 1117 648 1168 passi
677 1120 778 1158 sunt
804 1116 883 1157 viri
913 1117 1027 1158 docti
1055 1117 1214 1168 inpune
1244 1117 1288 1157 in
1317 1116 1479 1167 elegiae
1509 1116 1632 1157 initio
1659 1116 1765 1157 meri
1784 1127 1882 1157 eum
1900 1117 2160 1159 mentionem
2179 1116 2333 1160 fecisse
2351 1105 2408 1157 ’ὶὲ-
2459 1159 2463 1162 ,

217 1196 296 1238 sed
332 1195 378 1237 id
415 1196 627 1247 agendum
666 1206 785 1245 esse,
823 1200 873 1237 ut
901 1194 1123 1237 consilium
1152 1194 1463 1246 adgnoscamus
1493 1198 1537 1235 et
1565 1206 1665 1236 vere
1695 1195 1909 1246 poeticum
1939 1200 1984 1237 et
2013 1208 2097 1248 quo
2126 1197 2191 1237 uti
2219 1196 2407 1248 potuerit

212 1272 307 1316 sani
336 1272 480 1315 iudicii
508 1271 636 1315 homo
655 1270 808 1315 —fuit
828 1271 940 1315 enim
969 1271 1139 1324 egregie
1169 1270 1337 1314 sobrius
1366 1283 1462 1313 cum
1490 1271 1678 1314 carmina
1698 1276 1958 1323 conponeret
1983 1264 2176 1315 Tibullus
2202 1296 2258 1303 -
2289 1273 2406 1315 deni-

216 1360 299 1402 que
328 1351 377 1391 ut
404 1352 603 1392 accurate
633 1348 951 1393 consideremus
980 1352 1134 1402 poetae
1162 1347 1292 1391 verba
1322 1351 1366 1391 et
1395 1359 1489 1391 eam
1518 1347 1736 1391 eliciamus
1766 1349 2036 1401 sententiam,
2067 1362 2177 1403 quae
2204 1349 2272 1393 his
2300 1349 2407 1403 ipsis

213 1427 356 1469 verbis
385 1427 595 1468 contineri
622 1427 771 1479 possit.

379 1505 679 1555 Quaerendum
707 1504 889 1557 primum
918 1508 985 1546 est
1014 1503 1183 1557 qualem
1212 1504 1353 1546 animo
1382 1503 1620 1547 informarit
1648 1516 1790 1546 rerum
1818 1507 1978 1547 statum
2008 1504 2214 1557 Tibullus,
2251 1503 2404 1548 deinde

214 1584 389 1626 ubinam
426 1583 509 1626 loci
547 1583 710 1626 versari
748 1582 963 1636 putandus
1004 1583 1061 1625 sit
1099 1583 1199 1624 dum
1235 1581 1397 1636 profert
1425 1581 1532 1625 haec
1562 1583 1715 1625 omnia.
1773 1583 1834 1625 Et
1859 1583 1966 1625 illud
1993 1583 2165 1637 quidem
2192 1587 2309 1627 recte
2338 1596 2408 1627 ex-

212 1662 335 1715 ponit
363 1661 588 1704 Dissenus.
646 1661 879 1713 Postquam
917 1662 1031 1703 enim
1060 1674 1086 1703 a
1116 1661 1261 1712 Delia,
1302 1673 1411 1714 quae
1450 1664 1585 1714 nupta
1613 1664 1699 1713 est,
1731 1662 1941 1714 promissa
1970 1662 2070 1704 tulit
2099 1662 2314 1714 Tibullus,
2355 1675 2406 1705 ex

211 1739 436 1794 conposito
456 1739 574 1782 venit
592 1739 648 1781 ad
676 1738 843 1793 puellae
862 1738 991 1782 fores.
1036 1740 1093 1782 At
1122 1751 1219 1783 ecce
1248 1738 1419 1782 clausae
1448 1742 1550 1782 sunt
1578 1751 1717 1792 neque
1740 1739 1872 1786 audet
1890 1739 2017 1784 Delia
2044 1740 2192 1784 fallere
2220 1741 2405 1794 positam

213 1818 466 1861 custodiam.
511 1817 713 1868 Queritur
740 1817 872 1870 igitur
898 1821 1027 1872 poeta
1055 1822 1100 1860 et
1127 1817 1326 1860 hortatur
1353 1815 1551 1871 puellam,
1581 1821 1629 1862 ut
1657 1816 1790 1861 nihilo
1818 1818 1957 1861 minus
1987 1830 2131 1862 secum
2159 1817 2407 1871 congredia-

210 1900 296 1939 tur.
355 1895 437 1938 Hic
466 1899 534 1938 est
560 1908 703 1937 rerum
732 1899 886 1938 status.
943 1895 1091 1939 Altera
1124 1895 1198 1938 illa
1233 1896 1378 1950 paullo
1407 1895 1620 1939 difficilior
1647 1900 1716 1939 est
1744 1896 1960 1949 quaestio:
2002 1908 2099 1938 nam
2130 1900 2174 1939 et
2201 1896 2309 1939 bibit
2337 1895 2406 1938 Ti-

212 1973 356 2017 bullus
384 1997 439 2003 —
469 1973 679 2016 Dissenus
708 1973 770 2016 ait
798 1997 853 2004 —-
881 1978 945 2024 et,
987 1974 1024 2016 si
1063 1978 1234 2028 spectas
1263 1986 1433 2017 versum
1462 1974 1500 2025 9,
1542 1977 1641 2016 ante
1671 1974 1786 2028 ipsas
1816 1974 1930 2017 fores
1959 1974 2195 2017 consistere
2223 1974 2402 2017 videtur.

214 2052 370 2095 Miram
408 2050 541 2103 igitur
569 2051 780 2094 Dissenus
819 2052 999 2105 protulit
1038 2052 1315 2095 sententiam:
1359 2044 1572 2094 Tibullum
1611 2056 1711 2094 ante
1751 2052 1900 2094 Deliae
1939 2051 2074 2102 fores,
2115 2064 2210 2095 cum
2245 2051 2406 2093 frustra

210 2129 398 2185 puellam
438 2133 727 2182 expectasset,
766 2133 816 2171 ut
852 2128 1021 2172 falleret
1058 2134 1228 2172 noctem
1267 2130 1410 2171 vinum
1449 2127 1608 2172 adferri
1646 2129 1845 2180 iussisse,
1888 2130 2060 2172 tandem
2094 2141 2179 2172 non
2208 2129 2406 2172 veniente

211 2208 337 2253 Delia
364 2207 529 2261 ingenti
559 2207 705 2251 dolore
736 2211 976 2261 correptum
1005 2208 1102 2261 plus
1131 2208 1236 2252 meri
1266 2207 1484 2261 postulare
1513 2210 1563 2250 ut
1590 2208 1813 2260 consopiat
1841 2207 2023 2258 dolores,
2050 2207 2330 2258 dormiturum
2359 2207 2404 2249 in

210 2286 306 2341 ipso
333 2285 490 2342 limine.
549 2285 703 2330 Bibere
742 2285 891 2329 solitos
930 2298 1026 2330 esse
1064 2289 1280 2330 amatores
1317 2289 1418 2330 ante
1457 2285 1694 2339 puellarum
1722 2285 1837 2330 fores
1866 2290 1914 2330 ut
1942 2285 2096 2340 probet
2119 2286 2187 2334 ,uti
2215 2296 2262 2329 se
2291 2284 2405 2329 nolle

210 2365 422 2407 Dissenus
452 2364 555 2406 dicit
584 2363 746 2406 scholio
775 2364 830 2406 ad
858 2363 1157 2417 Aristophanis
1187 2363 1302 2406 Pluti
1336 2375 1505 2407 versum
1537 2364 1615 2406 179
1645 2363 1881 2418 adscripto,
1921 2363 1994 2406 ubi
2023 2362 2261 2406 Thessalici
2289 2374 2403 2406 ama-

208 2448 325 2486 tores
356 2442 503 2485 Laidis
532 2441 646 2484 fores
674 2442 772 2485 vino
803 2443 1094 2494 conspersisse
1125 2442 1325 2484 dicuntur
1351 2466 1406 2472 —
1435 2454 1573 2495 neque
1602 2443 1664 2484 uti
1692 2446 1857 2496 potest:
1888 2444 2036 2483 narrat
2054 2441 2169 2483 enim
2199 2445 2403 2496 tanquam

208 2534 299 2565 rem
328 2520 588 2573 singularem
618 2520 871 2563 scholiastes
901 2520 1193 2563 Thessalos
1233 2520 1313 2564 hoc
1351 2521 1477 2563 modo
1515 2520 1755 2564 celebrasse
1794 2519 2062 2563 meretricem
2093 2518 2216 2561 illam
2243 2543 2299 2549 —
2328 2520 2404 2562 sed

206 2598 349 2642 Plauti
386 2598 527 2642 locum
565 2598 734 2642 laudat:
773 2598 940 2642 Curcul.
970 2598 1003 2650 I,
1037 2601 1072 2651 l,
1104 2599 1170 2642 76.
1227 2599 1285 2642 At
1322 2611 1407 2642 non
1444 2602 1562 2642 recte
1600 2598 1681 2642 hoc
1719 2597 1813 2642 loco
1850 2608 1956 2641 usus
1995 2600 2075 2640 est.
2135 2596 2249 2640 Nam
2288 2597 2403 2651 quod

206 2676 432 2718 Palinurus
463 2687 612 2718 servus
640 2676 817 2719 vinosus
844 2676 989 2718 vinum
1017 2677 1133 2730 quod
1160 2675 1318 2719 adferri
1346 2676 1463 2719 videt
1492 2687 1571 2719 nec
1600 2675 1683 2719 scit
1711 2686 1787 2718 cur
1816 2674 2036 2718 adferatur
2065 2673 2147 2718 sibi
2168 2677 2213 2718 et
2232 2673 2403 2719 domino

206 2754 468 2796 destinatum
505 2765 602 2796 esse
642 2754 819 2804 conicit,
861 2755 960 2796 inde
998 2754 1103 2796 nihil
1146 2767 1249 2797 sane
1289 2755 1485 2807 sequitur
1522 2766 1661 2807 neque
1695 2753 1777 2795 hoc
1805 2753 1931 2795 modo
1960 2752 2131 2806 probari
2159 2756 2307 2807 potest
2334 2765 2404 2796 res

203 2834 394 2874 ceterum
431 2843 607 2885 prorsus
646 2831 849 2873 inaudita.
917 2831 1138 2874 Mittamus
1177 2831 1309 2885 igitur
1345 2831 1427 2875 hoc
1467 2832 1641 2875 Disseni
1679 2835 1964 2874 commentum
2002 2835 2048 2872 et
2086 2830 2311 2874 redeamus
2351 2832 2406 2874 ad

202 2908 393 2962 priorum
421 2908 704 2963 interpretum
734 2907 987 2963 opinionem,
1019 2909 1091 2964 qui
1119 2912 1236 2953 recte
1266 2923 1351 2954 non
1380 2913 1480 2954 ante
1509 2908 1623 2954 fores
1653 2908 1815 2952 versari
1846 2906 2059 2952 Tibullum
2088 2912 2294 2962 putarunt
2323 2909 2401 2953 sed

201 2986 423 3029 absentem
461 2986 634 3039 adloqui
671 2986 863 3036 ianuam,
904 2988 1107 3039 tanquam
1146 2986 1341 3030 adstaret
1377 2988 1433 3030 ad
1471 2988 1621 3041 ipsam.
1680 2985 1919 3029 Perducere
1956 2997 2054 3028 eum
2081 2984 2269 3029 voluisse
2297 2985 2401 3029 mihi

199 3061 314 3116 fingo
352 3064 539 3118 puellam
569 3064 623 3107 ad
650 3063 790 3107 locum
820 3062 1004 3117 aliquem
1043 3068 1196 3107 tutum.
1254 3064 1433 3108 Pararat
1471 3063 1644 3118 pocula,
1690 3067 1738 3106 ut
1766 3064 1879 3107 inter
1916 3063 2096 3107 hilarem
2135 3065 2404 3117 conputatio-
