2550 3260
1267 103 1319 143 16

179 230 339 272 misero
362 240 508 293 amore
532 240 691 280 carere,
725 229 763 271 ei
788 241 940 283 pamm
960 229 1148 272 validum
1168 229 1383 273 videbitur
1412 231 1526 285 quod
1556 230 1749 274 additum
1776 233 1864 274 est:
1894 229 2081 273 ferreum
2108 228 2243 274 fuisse
2271 231 2393 275 illum

180 307 277 361 qui,
317 319 413 350 cum
443 305 634 361 potuerit
662 306 822 350 habere
850 306 1039 359 Deliam,
1071 307 1099 350 i.
1130 320 1167 350 e.
1199 319 1295 351 cum
1324 308 1364 352 ei
1392 307 1547 352 faverit
1575 307 1717 361 Delia,
1759 307 1959 352 maluerit
1986 307 2172 362 praedas
2202 312 2247 353 01
2275 321 2396 354 arma

181 385 317 439 sequi.
375 384 504 427 Haud
533 383 661 427 dubie
691 384 805 428 inter
832 396 984 427 versus
1014 385 1069 427 64
1100 388 1144 428 et
1164 385 1217 428 65
1238 397 1297 429 ss.
1327 397 1381 428 ea
1408 386 1521 429 ratio
1548 386 1814 430 intercedere
1842 385 2036 441 putanda
2064 389 2145 438 est,
2175 390 2236 439 ut,
2267 398 2396 441 quam

180 465 371 505 mentem
405 474 534 505 versu
563 461 617 502 64
654 461 877 515 professus
907 461 987 514 sit,
1028 462 1091 504 de·
1120 475 1173 505 ea
1201 462 1398 505 versibus
1426 463 1479 506 65
1510 476 1567 506 ss.
1596 463 1735 507 fusius
1765 463 1964 506 disserat.
2024 462 2110 509 Sed
2138 463 2235 507 vide
2264 475 2394 517 quam

179 539 293 583 male
322 551 413 582 rem
443 539 659 592 inceptam
687 544 943 592 persecutus
974 539 1043 590 sit,
1076 539 1149 591 qui
1178 551 1204 582 a
1233 539 1384 583 maiori
1413 540 1635 584 transierit
1654 540 1709 583 ad
1728 540 1888 583 minus:
1917 544 2150 593 postquam
2178 539 2292 583 enim
2320 539 2395 583 ad-

179 614 366 659 firmavit
404 627 458 658 ne
496 626 626 669 posse
665 615 837 668 quidem
876 615 1003 658 Delia
1043 627 1190 659 carere
1230 629 1276 660 se
1313 616 1423 660 velle
1460 616 1568 660 satis
1608 616 1820 660 credimus
1849 615 1916 660 vel
1945 616 2107 660 tacenti
2136 614 2323 660 ferreum
2352 615 2393 660 ei

180 693 316 737 videri
353 692 472 735 illum
512 692 585 744 qui
624 696 794 734 amatus
834 691 888 734 ab
926 691 1002 734 illa
1040 704 1186 736 carere
1225 693 1421 736 voluerit.
1479 693 1676 747 Denique
1706 692 1847 736 aliena
1875 697 1943 736 est
1970 704 2062 737 res:
2092 704 2188 746 ,ego
2217 704 2395 736 amore

181 775 271 814 tuo
309 770 376 813 vel
415 768 576 812 infelici
614 781 761 812 carere
791 769 923 812 nolim
951 792 1006 798 —
1034 769 1201 812 ferreus
1239 770 1321 813 fuit
1350 771 1423 823 qui
1451 774 1503 813 te
1541 771 1659 824 ipsa
1687 782 1833 814 carere
1861 770 2023 813 voluit‘.
2081 770 2258 814 Rectius
2286 770 2394 814 11000

181 850 351 892 inverso
382 847 531 891 ordine
563 858 609 890 se
645 847 904 900 exciperent.

345 925 544 978 Denique
574 937 702 968 versu
732 926 786 968 66
814 936 940 967 nemo
971 924 1109 967 adhuc
1139 924 1247 967 satis
1277 924 1504 977 explicavit
1533 926 1849 969 coniunctivum
1878 924 2117 977 ‚maluerit‘.
2168 926 2279 969 Nam
2307 936 2395 969 11011

178 1002 476 1058 hypothetice,
517 1006 566 1045 ut
604 1005 814 1056 putarunt
843 1002 1037 1056 quidam,
1076 1001 1182 1045 haec
1212 1001 1328 1044 dicta
1357 1006 1478 1055 sunt,
1510 1002 1589 1046 sed
1617 1003 1671 1047 de
1699 1015 1786 1047 uno
1815 1003 2001 1056 quodam
2029 1002 2214 1047 homine.
2271 1002 2329 1046 At
2357 1003 2395 1046 si

182 1092 279 1124 cum
306 1080 503 1123 versibus
525 1080 592 1122 63.
614 1081 669 1122 64
687 1080 795 1123 haec
816 1080 1046 1123 cohaerere
1076 1089 1284 1132 negamus
1314 1080 1461 1121 statim
1490 1079 1597 1123 haec
1626 1078 1859 1123 difficultas
1886 1080 2116 1123 evanescit.
2160 1080 2253 1122 Iam
2282 1080 2396 1123 enim

180 1157 282 1201 olim
308 1168 482 1200 versum
511 1157 564 1199 65
594 1157 886 1211 praecessisse
916 1157 1128 1210 quaedam
1157 1156 1348 1199 dicemus
1378 1156 1533 1209 quibus
1564 1157 1616 1200 de
1644 1157 1740 1210 ipso
1769 1156 1844 1200 illo
1862 1156 2047 1208 homine,
2078 1157 2151 1210 qui
2170 1156 2395 1210 reliquerit

182 1235 363 1285 Deliam,
393 1234 564 1276 locutus
593 1234 726 1277 fuerit
753 1238 893 1286 poeta.
953 1234 1013 1275 Et
1040 1233 1160 1274 vides
1191 1244 1318 1285 quam
1348 1234 1519 1286 egregie
1548 1234 1634 1275 illis
1674 1234 1832 1276 addere
1869 1234 2079 1287 potuerit:
2118 1233 2284 1276 ferreus
2322 1233 2395 1276 illc

179 1312 274 1364 fuit,
306 1312 379 1364 qui
409 1311 454 1362 (i.
486 1324 523 1353 e.
554 1312 668 1362 cum)
706 1310 906 1352 maluerit
940 1310 1125 1362 praedas
1162 1310 1321 1352 stultus
1360 1314 1404 1352 et
1433 1322 1552 1352 arma
1581 1311 1716 1362 sequi.
1775 1311 1833 1352 At
1860 1314 1909 1351 ut
1936 1322 2050 1352 nunc
2078 1310 2123 1351 hi
2150 1321 2302 1352 versus
2331 1310 2392 1352 le·

181 1393 341 1443 guntur
369 1388 666 1431 coniunctivus
696 1386 899 1440 explicari
936 1387 1105 1439 nequit:
1145 1387 1397 1440 pronomine
1427 1387 1527 1439 ,ille‘
1556 1387 1618 1430 ita
1647 1400 1751 1430 usus
1781 1400 1878 1431 esse
1907 1387 2125 1441 putandus
2155 1390 2224 1430 est
2250 1391 2392 1441 poeta,

182 1470 233 1510 ut
258 1465 510 1521 plerumque
539 1467 721 1507 utuntur
749 1463 1001 1518 pronomine
1031 1463 1109 1515 ,is‘.

347 1543 460 1585 Puto
488 1542 619 1595 igitur
647 1541 691 1583 id
718 1540 1018 1594 fragmentum,
1050 1541 1164 1593 quod
1184 1553 1210 1583 a
1230 1552 1358 1583 versu
1372 1541 1426 1583 33
1447 1541 1608 1595 incipit,
1630 1542 1864 1595 procedere
1891 1553 2029 1595 usque
2050 1541 2106 1584 ad
2124 1552 2295 1583 versum
2319 1541 2393 1583 64:

184 1622 285 1664 inde
315 1632 473 1663 novum
503 1619 625 1672 sequi
653 1618 941 1671 fragmentum
970 1630 996 1660 a
1025 1618 1167 1671 priore
1197 1617 1271 1660 illo
1301 1618 1499 1661 alienum.
1556 1619 1616 1662 Et
1644 1619 1759 1673 quod
1787 1618 1870 1662 hoc
1897 1618 2170 1672 potissimum
2197 1617 2292 1661 loco
2320 1630 2396 1672 po-

188 1698 319 1741 situm
349 1699 418 1739 est
446 1708 534 1738 non
564 1708 668 1738 casu
696 1694 857 1738 factum
886 1706 984 1737 esse
1014 1698 1131 1747 puto,
1169 1695 1247 1737 sed
1274 1694 1357 1738 1100
1385 1695 1481 1738 1000
1509 1695 1708 1749 posuisse
1736 1688 1923 1749 aliquem
1951 1698 2128 1749 propter
2156 1694 2398 1747 argumenti

186 1775 403 1829 quandam
441 1771 777 1815 similitudinem.
846 1771 979 1814 Recte
1017 1771 1149 1824 igitur
1176 1771 1358 1814 Vossius
1389 1784 1414 1814 a
1442 1772 1799 1825 praecedentibus
1837 1772 2025 1815 seiunxit
2061 1783 2212 1814 versus
2242 1772 2295 1814 65
2324 1784 2395 1824 ss„

183 1852 263 1895 sed
297 1863 499 1904 perverse
530 1854 574 1893 01
602 1861 754 1892 versus
785 1849 920 1890 1—64
950 1851 994 1891 et
1022 1861 1174 1891 versus
1203 1847 1367 1891 65—98
1396 1848 1588 1901 integras
1617 1848 1792 1902 putavit>
1812 1861 1909 1893 esse
1938 1847 2112 1901 elegias.
2141 1882 2148 1888 .

351 1928 439 1972 Sed
467 1930 517 1969 ut
545 1926 601 1969 ad
630 1928 827 1970 nostrum
846 1924 1135 1979 fragmentum
1156 1924 1357 1978 (33-64)
1378 1925 1627 1968 redeamus:
1656 1914 1799 1984 possit
1816 1924 1972 1979 aliquis
1992 1923 2062 1967 hic
2090 1936 2258 1980 quoque
2289 1929 2399 1970 stro-

182 2005 336 2061 phicae
367 2002 678 2059 conpositionis
708 2001 891 2055 vestigia
919 2001 1132 2056 reperire:
2378 1997 2380 1999 ’

684 2091 853 2133 Parcite
882 2090 1126 2140 luminibus,
1159 2101 1235 2132 seu
1264 2090 1330 2131 vir
1359 2100 1436 2131 seu
1464 2089 1623 2131 femina
1651 2088 1728 2131 fiat

792 2168 934 2209 obvia:
966 2167 1095 2208 celari
1123 2168 1214 2209 volt
1243 2179 1323 2209 sua
1348 2166 1466 2208 furta
1494 2167 1652 2207 Venus.

503 2279 569 2320 35.
683 2289 768 2319 neu
798 2276 983 2329 strepitu
1013 2278 1173 2319 terrete
1203 2276 1373 2328 pedum,
1403 2286 1488 2318 neu
1516 2274 1711 2327 quaerite
1740 2286 1907 2326 nomen,

789 2365 875 2396 neu
905 2365 1039 2406 prope
1068 2350 1251 2404 fulgenti
1279 2352 1442 2394 lumina
1469 2351 1579 2394 ferte
1607 2349 1714 2394 face.

682 2431 720 2474 si
749 2431 846 2484 quis
876 2433 921 2473 et
949 2428 1184 2483 inprudens
1214 2428 1472 2483 adspexerit,
1504 2427 1673 2471 occulat
1700 2427 1772 2471 ille

790 2519 952 2562 perque
983 2507 1088 2550 deos
1119 2518 1266 2549 omnes
1296 2517 1343 2548 se
1371 2504 1620 2548 meminisse
1648 2508 1798 2557 neget:

680 2597 780 2627 nam
807 2583 938 2626 fuerit
967 2583 1210 2636 quicunque
1238 2581 1407 2635 loquax,
1439 2583 1477 2625 is
1507 2582 1714 2635 sanguine
1743 2585 1902 2634 natam,

501 2664 569 2705 40.
793 2661 830 2704 is
859 2660 1071 2704 Venerem
1100 2672 1124 2703 e
1153 2660 1305 2714 rapido
1335 2661 1496 2704 sentiet
1523 2671 1620 2704 esse
1649 2660 1769 2703 mari.

679 2782 759 2813 nec
788 2774 933 2812 tamen
961 2769 1061 2811 huic
1090 2769 1239 2812 credet
1267 2770 1452 2812 coniunx
1479 2776 1594 2821 tuus,
1623 2774 1674 2812 ut
1700 2769 1805 2811 mihi
1830 2781 1959 2813 verax

787 2849 980 2903 pollicita
1008 2852 1077 2891 est
1105 2849 1273 2901 magico
1301 2860 1408 2901 saga
1435 2846 1688 2890 ministerio.

678 2926 789 2970 hanc
818 2937 898 2979 ego
928 2925 982 2969 de
1012 2925 1132 2969 00010
1161 2925 1389 2968 ducentem
1417 2923 1561 2967 sidera
1588 2922 1687 2974 vidi,

788 3001 977 3045 fluminis
1005 3001 1113 3045 11000
1141 3001 1281 3056 rapidi
1310 3001 1499 3043 carmine
1526 2999 1656 3042 vertit
1685 2998 1780 3050 iter,
