2550 3260
1284 131 1311 174 8

196 276 298 306 num
336 275 506 317 quoque
543 264 711 317 monui,
750 263 1018 316 ineptissime
1054 273 1147 305 rem
1186 274 1307 305 suam
1343 263 1487 316 egisse
1525 260 1731 306 dicendus
1758 263 1845 305 est:
1884 272 1969 314 quo
1998 260 2126 304 modo
2155 260 2270 307 euim
2296 259 2394 309 aliis

196 341 420 384 audaciam
448 341 661 396 inspirare
689 344 846 396 potest,
878 341 950 394 qui
978 340 1072 395 ipse
1100 344 1191 382 tam
1220 339 1392 383 anxium
1419 340 1606 384 animum
1632 338 1778 395 prodit
1808 337 1979 392 qualem
2006 337 2078 382 his
2101 337 2298 386 versibus
2325 336 2396 382 Ti·

194 418 349 468 bullus,
379 420 454 470 qui
481 423 571 461 tam
601 419 780 461 sollicite
808 430 886 470 per
913 418 1018 460 deos
1048 429 1197 459 omnes
1223 418 1471 461 meminisse
1489 421 1619 468 vetat,
1650 417 1687 459 si
1705 416 1807 469 quis
1821 416 1963 469 ipsum
1980 416 2257 469 adspexerit?
2300 416 2393 459 Imo

196 496 423 538 dicendum
453 501 564 539 erat:
595 496 807 549 adspiciat
835 496 907 549 qui
936 495 1131 546 voluerit,
1159 498 1308 538 narret
1335 495 1467 538 etiam
1494 495 1683 548 coniugi:
1712 505 1798 536 non
1825 494 1976 537 credet
1999 493 2085 536 ille.

365 576 472 617 Tum
506 576 592 617 alia
627 579 673 617 et
705 575 1006 627 praesentibus
1046 578 1091 616 et
1125 574 1377 617 absentibus
1417 576 1502 617 dici
1529 578 1730 627 possunt,
1768 573 1854 615 alia
1884 573 2182 624 praesentibus
2210 576 2390 616 tantum.

191 650 323 706 Atqui
342 654 478 696 totam
498 650 615 696 illam
633 650 925 696 narrationem
953 649 1008 694 de
1036 660 1153 705 saga,
1183 652 1416 706 praecepta
1435 662 1520 707 quo
1549 650 1678 697 modo
1697 649 1864 705 magico
1882 649 2069 696 carmine
2091 649 2299 696 utendum
2318 649 2389 706 sit,

197 730 560 774 narratiunculam
598 729 715 774 illam
753 742 865 785 quae
902 728 1096 774 versibus
1124 729 1309 773 ὅθι-64
1337 730 1601 784 continetur,
1639 729 1747 775 haec
1774 729 1917 775 omnia
1942 729 2112 774 absenti
2140 728 2226 774 dici
2252 741 2390 785 paene

190 810 415 852 ridiculum
443 814 530 852 est:
568 822 655 852 non
691 810 805 852 enim
833 809 940 851 haec
970 813 1040 851 est
1067 808 1256 861 epistula
1283 809 1363 851 sed
1389 810 1522 853 verba
1549 822 1660 863 quae
1688 809 1838 853 dolens
1865 808 2032 863 profert
2057 809 2151 862 ipse
2179 808 2386 855 Tibullus.

192 887 251 929 Et
270 899 356 940 quo
384 887 512 931 modo
532 887 769 941 procedant
788 887 1029 931 sententiae
1055 886 1203 929 videas
1230 885 1371 929 velim.
1416 887 1642 932 Enarratis
1661 888 1774 931 enim
1801 900 1911 941 quae
1938 886 2112 941 provisa
2130 886 2219 931 sint
2236 899 2264 930 a
2282 899 2389 941 saga

191 963 405 1019 (41—58)‚
436 968 666 1019 postquam
694 977 779 1009 non
809 965 916 1008 satis
946 964 1120 1008 credere
1147 963 1318 1008 videtur
1345 963 1483 1018 Delia,
1513 965 1618 1019 quid
1646 965 1828 1018 credam,
1859 964 2008 1019 inquit,
2024 963 2241 1018 quaeris?
2270 963 2317 1017 (i.
2346 977 2384 1010 e.

187 1053 338 1093 parum
366 1042 569 1085 credibile
598 1042 680 1084 boc
707 1043 880 1096 putas?)
925 1042 1009 1084 alia
1042 1053 1212 1095 quoque
1232 1045 1380 1095 potest
1407 1041 1504 1085 illa:
1534 1055 1634 1086 nam
1660 1055 1848 1087 amorem
1875 1054 2016 1086 meum
2043 1041 2210 1086 solvere
2237 1041 2384 1095 voluit,

188 1120 264 1162 sed
306 1132 385 1173 ego
413 1122 628 1163 recusavi:
665 1133 720 1163 ne
757 1132 886 1173 posse
915 1120 1086 1173 quidem
1114 1124 1158 1162 te
1187 1131 1334 1163 carere
1361 1120 1502 1163 velim.
1558 1121 1619 1163 Et
1645 1122 1744 1164 ecce
1771 1121 1840 1164 his
1867 1120 2156 1175 pronuntiatis
2184 1120 2229 1163 in
2257 1120 2385 1174 plane

185 1196 314 1239 aliam
351 1210 441 1240 rem
478 1199 646 1240 incidit:
685 1198 876 1250 loquitur
904 1198 957 1240 de
985 1197 1157 1240 homine
1185 1198 1372 1250 quodam
1385 1231 1396 1249 ,
1427 1198 1500 1250 qui
1528 1199 1715 1251 praedae
1743 1199 1953 1251 petendae
1982 1210 2112 1241 causa
2140 1198 2382 1251 relinquere

184 1274 352 1318 Deliam
391 1276 599 1330 potuerit,
637 1276 812 1329 exponit
848 1288 976 1330 quam
1012 1274 1118 1318 nihil
1148 1275 1237 1318 sint
1264 1275 1438 1319 divitiae
1466 1287 1571 1330 prae
1598 1276 1757 1320 amoris
1785 1275 2003 1320 felicitate.
2060 1276 2156 1319 Non
2187 1288 2292 1320 sane
2320 1276 2384 1320 ita

183 1353 366 1405 iungunt
400 1355 637 1397 sententias
674 1355 747 1407 qui
777 1354 1002 1397 concitatis
1032 1354 1185 1396 animis
1214 1354 1269 1397 ad
1296 1355 1500 1397 absentes
1530 1354 1768 1397 orationem
1796 1358 2071 1405 convertunt,
2109 1354 2186 1397 sed
2214 1355 2286 1407 qui
2315 1367 2383 1398 se-

183 1442 283 1474 cure
312 1442 406 1474 cum
435 1432 740 1485 praesentibus
771 1431 1049 1475 collocuntur.

345 1510 564 1561 Quaedam
603 1510 786 1565 denique
823 1509 1058 1552 manebunt
1094 1507 1371 1553 difficultates
1412 1521 1708 1564 quamcunque
1746 1510 1940 1563 probaris
1970 1510 2379 1563 interpretationem.

345 1588 505 1641 Magna
532 1589 646 1632 enim
672 1589 714 1631 vi
733 1588 929 1631 versibus
952 1587 1002 1629 16
1023 1599 1081 1630 ss.
1097 1587 1309 1631 Venerem
1337 1588 1445 1631 dixit
1463 1586 1657 1631 Tibullus
1675 1587 1821 1631 favere
1840 1587 2081 1630 amantibus
2102 1587 2175 1640 qui
2194 1588 2383 1632 audeant

178 1663 351 1716 aliquid,
382 1666 593 1710 Venerem
622 1667 764 1709 omnia
791 1665 983 1720 pericula
1001 1677 1296 1707 averruncare.
1352 1665 1472 1716 Quae
1501 1664 1633 1718 igitur
1662 1668 1765 1707 sunt
1792 1668 1939 1718 partes
1969 1676 2098 1718 sagae
2126 1664 2240 1708 illius
2269 1678 2379 1720 quae

176 1741 275 1783 inde
295 1756 321 1785 a
340 1756 466 1787 versu
485 1746 536 1785 41
559 1745 802 1787 inducitur?
850 1745 910 1786 Et
928 1755 1140 1798 quaenam
1158 1743 1265 1785 haec
1295 1746 1364 1785 est
1392 1743 1625 1785 sententia:
1656 1743 1768 1785 aude
1795 1743 1904 1786 lusis
1933 1742 2182 1785 custodibus
2210 1755 2376 1788 mecum

172 1820 335 1872 fugere,
366 1834 465 1862 nam
494 1822 670 1863 Venus
701 1826 895 1864 amantes
923 1826 1043 1863 tutos
1070 1821 1214 1862 reddit
1243 1834 1269 1862 a
1296 1821 1497 1874 periculis
1528 1821 1745 1863 omnibus:
1775 1820 1835 1862 nil
1865 1821 1919 1862 de
1947 1820 2070 1861 nobis
2101 1821 2275 1864 credere
2302 1836 2378 1877 po-

175 1898 276 1939 terit
306 1900 489 1941 coniunx
518 1906 641 1952 tuus,
683 1913 812 1954 saga
850 1900 962 1941 enim
998 1899 1210 1952 magicum
1246 1912 1416 1941 carmen
1445 1898 1549 1940 mihi
1578 1898 1817 1951 conposuit.
1874 1898 2077 1940 Fortasse
2106 1898 2260 1953 aliquis
2287 1914 2373 1945 non

171 1975 252 2017 sibi
281 1975 388 2018 haec
415 1990 657 2031 repugnare
685 1978 874 2031 putabit:
918 1982 964 2019 at
1001 1977 1107 2020 talia
1134 1977 1178 2018 in
1205 1980 1393 2019 mentem
1421 1976 1566 2019 venire
1594 1979 1749 2028 poetae
1776 1988 1862 2018 non
1889 1978 2113 2029 poterant,
2152 1980 2202 2018 ut
2230 1982 2375 2021 cetera

170 2054 341 2107 quidem
380 2056 571 2110 pericula
610 2056 664 2099 ab
703 2056 800 2110 ipsa
827 2056 994 2099 Venere
1023 2055 1160 2099 arceri
1188 2054 1389 2109 fingeret,
1419 2054 1501 2097 hoc
1527 2067 1659 2097 unum
1687 2067 1713 2097 a
1742 2066 1858 2107 saga,
1888 2054 1951 2097 ita
1978 2057 2140 2106 tamen,
2178 2059 2227 2097 ut
2264 2069 2372 2110 quos

171 2144 325 2176 nocere
355 2146 441 2177 non
471 2134 637 2178 sineret
666 2146 771 2188 saga
798 2133 1051 2187 punirentur
1069 2145 1096 2176 a
1114 2133 1294 2177 Venere.
1343 2133 1437 2184 Quo
1467 2132 1579 2176 enim
1606 2131 1785 2176 consilio
1812 2132 1875 2175 ita
1902 2134 2047 2185 partes
2076 2131 2371 2178 distribuerit?
2401 2166 2403 2168 .

169 2209 262 2253 Imo
292 2223 404 2264 quae
432 2215 578 2254 cetera
606 2211 798 2265 pericula
826 2211 992 2264 magica
1021 2211 1205 2264 quadam
1232 2210 1274 2253 vi
1301 2222 1449 2253 arcere
1478 2210 1645 2263 dicitur,
1677 2210 1716 2253 ei
1744 2209 1872 2263 longe
1891 2209 2034 2263 aptius
2064 2212 2110 2252 ct
2137 2209 2370 2264 simplicius

166 2289 247 2331 hoc
276 2302 446 2344 quoque
476 2303 630 2334 munus
661 2291 910 2333 demandari
939 2294 1122 2343 poterat.

338 2368 534 2422 Denique
565 2368 710 2423 paullo
738 2368 980 2411 accuratius
1008 2380 1152 2411 rerum
1180 2370 1341 2410 statum
1369 2368 1701 2411 consideremus.
1746 2367 1960 2422 Congredi
1988 2379 2084 2411 cum
2111 2368 2255 2421 puella
2282 2380 2368 2412 non

167 2445 309 2497 potuit
338 2445 533 2490 Tibullus
572 2450 751 2501 propter
788 2446 954 2499 positos
995 2445 1210 2489 custodes.
1267 2445 1358 2488 Iam
1386 2458 1481 2489 eam
1508 2445 1716 2499 hortatur,
1757 2450 1807 2490 ut
1834 2457 2090 2501 quamquam
2118 2446 2249 2499 positi
2279 2446 2368 2490 sint

165 2524 367 2567 custodes
404 2524 681 2569 nihilominus
718 2536 862 2568 secum
899 2524 1213 2578 congrediatur.
1272 2523 1538 2577 Quamquam
1575 2525 1689 2568 enim
1727 2537 1824 2569 cum
1851 2524 2043 2579 periculo
2072 2524 2257 2577 quodam
2285 2524 2366 2569 hoc

166 2602 439 2644 coniunctum
469 2603 536 2653 sit,
568 2602 674 2645 nihil
704 2606 849 2645 tamen
880 2613 980 2645 esse
1007 2601 1252 2652 verendum,
1283 2601 1383 2653 quia
1411 2601 1506 2654 ipsa
1533 2602 1678 2645 Venus
1714 2605 1833 2645 tutos
1861 2602 2017 2646 reddat
2044 2604 2251 2644 amantes.
2307 2602 2367 2645 Et

163 2678 205 2721 id
242 2680 437 2732 inprimis
475 2681 618 2734 agitur
653 2683 703 2723 ut
742 2680 878 2724 omnis
917 2679 1205 2734 periculorum
1243 2681 1383 2722 metus
1420 2691 1444 2723 e
1472 2679 1623 2724 Deliae
1651 2680 1792 2724 animo
1822 2680 2044 2725 eximatur.
2099 2679 2157 2722 At
2184 2680 2366 2724 maxime

160 2758 401 2801 mirandum
430 2763 500 2802 est
526 2770 611 2802 non
640 2759 788 2811 tangio
817 2758 962 2802 mnino
1002 2758 1046 2801 id
1082 2758 1223 2812 ipsum
1251 2757 1506 2811 periculum,
1538 2769 1622 2812 quo
1651 2759 1859 2803 deterrita
1886 2762 1955 2803 est
1982 2769 2067 2811 quo
2098 2758 2240 2802 miuus
2268 2768 2364 2802 cum

158 2836 326 2879 Tibullo
355 2839 689 2890 congrederetur
718 2837 861 2880 Delia:
893 2837 1007 2889 quod
1036 2837 1230 2878 imminet
1249 2848 1275 2878 a
1294 2837 1557 2879 custodibus.
1602 2838 1733 2891 Atqui
1762 2842 1862 2881 ante
1892 2838 2034 2881 omnia
2052 2836 2362 2880 adfirmandum

156 2917 249 2958 erat
284 2913 366 2958 hoc
403 2927 572 2970 quoque
602 2914 784 2960 Veneris
823 2913 981 2959 auxilio
1017 2925 1147 2971 posse
1185 2914 1391 2971 superari.
1456 2914 1689 2971 Postquam
1726 2919 1871 2960 autem
1909 2915 1953 2960 in
1981 2915 2226 2960 universum
2255 2914 2362 2960 dixit

160 2992 353 3035 Tibullus
382 2993 518 3034 iuvari
549 3006 574 3034 a
603 2992 770 3036 Venere
800 2993 1035 3036 amantium
1063 2993 1179 3036 furta
1208 2993 1409 3049 (17—18)
1439 2993 1547 3036 haec
1585 2994 1723 3036 addit:
1762 2994 1941 3037 Veneris
1979 2993 2136 3037 auxilio
2173 2992 2359 3048 puellam

152 3071 296 3114 furtim
335 3072 448 3114 lecto
487 3072 717 3124 decedere,
759 3072 876 3114 nullo
917 3085 1022 3114 sono
1061 3072 1212 3125 pedem
1242 3085 1400 3126 ponere
1442 3072 1553 3123 (leni
1583 3084 1734 3124 gressu
1764 3072 1970 3115 excedere
2000 3072 2231 3126 cubiculo),
2266 3072 2358 3115 viro
