2550 3260
206 1072 439 1150 oblivione
475 1102 566 1148 fere
604 1103 757 1147 obruta
796 1107 898 1146 sunt
936 1114 1045 1156 quae
1082 1105 1133 1144 ut
1160 1113 1284 1155 opem
1310 1099 1445 1144 ferret
1470 1099 1664 1154 reliquiis
1692 1098 1942 1142 Tibullianis
1971 1098 2230 1152 excogitavit
2256 1109 2393 1151 quon—

204 1178 305 1227 dam
330 1183 395 1226 vir
430 1194 610 1236 magnus
639 1179 854 1234 Josephus
885 1179 1084 1233 Scaliger,
1124 1190 1261 1234 neque
1288 1177 1413 1222 facile
1440 1177 1633 1221 invenias
1662 1177 1775 1221 inter
1803 1189 1891 1230 eos,
1921 1178 1994 1231 qui
2022 1181 2124 1232 post
2150 1177 2391 1221 Lachman-

204 1273 307 1304 num
337 1254 510 1314 operam
539 1259 752 1302 dederunt
778 1257 958 1309 Tibullo,
987 1257 1060 1310 qui
1086 1256 1278 1310 probarit
1300 1256 1470 1311 prolata
1487 1255 1541 1299 ab
1560 1255 1726 1310 Heynio
1754 1259 1799 1298 et
1812 1254 1979 1309 Vossio,
2007 1267 2190 1310 quorum
2207 1259 2392 1310 uterque

203 1338 420 1393 graviores
459 1338 667 1392 quasdam
702 1335 932 1389 indagasse
970 1334 1052 1378 sibi
1089 1334 1206 1378 visus
1243 1338 1312 1378 est
1339 1333 1616 1389 corruptelas.
1673 1333 1732 1376 Et
1759 1333 1855 1387 quis
1884 1335 2155 1378 contenderit
2181 1340 2258 1379 aut
2287 1335 2390 1379 Sca·

202 1416 383 1471 ligerum
419 1420 496 1460 aut
528 1415 741 1470 Heynium
778 1416 854 1456 aut
879 1412 1079 1457 Vossium
1106 1412 1212 1455 satis
1241 1412 1468 1467 diligenter
1495 1412 1548 1455 de
1585 1412 1816 1466 elegiarum
1844 1413 2110 1465 quarundam
2138 1413 2390 1467 integritate

204 1495 496 1549 quaesivisse?

367 1572 465 1625 Sed,
493 1575 544 1615 ut
570 1570 664 1615 fieri
692 1569 814 1622 solet,
844 1572 1075 1631 postquam
1104 1581 1306 1623 peccasse
1334 1571 1625 1622 cognoverunt
1651 1580 1739 1620 eos,
1771 1569 1845 1621 qui
1871 1572 2045 1622 gravius
2068 1576 2272 1625 corrupta
2293 1583 2392 1614 esse

201 1651 390 1695 carmina
417 1650 658 1693 Tibulliana
685 1650 951 1699 censuerant,
981 1659 1067 1690 non
1094 1647 1201 1690 satis
1226 1650 1430 1690 caverunt
1457 1645 1639 1700 Scyllam
1666 1645 1860 1690 homines
1890 1647 2017 1691 docti.
2076 1648 2233 1691 Omnia
2261 1649 2388 1702 enim,

207 1728 245 1770 si
264 1739 480 1782 perpauca
498 1726 698 1781 excipiaS,
728 1724 997 1767 defendenda
1014 1736 1112 1767 esse
1130 1724 1298 1779 putavit
1314 1723 1380 1766 vir
1402 1734 1582 1777 magnae
1611 1723 1783 1777 quidem
1809 1728 1854 1767 et
1880 1737 2004 1770 rarae
2033 1726 2282 1781 diligentiae
2311 1727 2391 1771 sed

199 1806 244 1848 in
272 1805 535 1859 explicandis
564 1804 796 1856 elegiarum
826 1802 1075 1855 sententiis,
1114 1801 1393 1857 explanandis
1430 1804 1586 1855 poetae
1614 1800 1804 1845 consiliis
1832 1802 2062 1847 admodum
2091 1804 2259 1858 infelix,
2290 1806 2390 1849 Dis·

198 1894 342 1925 senus.
401 1882 483 1934 Qui
512 1894 622 1935 quae
650 1878 900 1923 adfirmarat
935 1892 1041 1923 sana
1077 1891 1174 1922 esse
1201 1876 1258 1923 'et
1294 1880 1357 1922 ita
1392 1891 1419 1922 a
1447 1890 1495 1922 se
1522 1880 1618 1932 ipso
1646 1880 1863 1934 exposita,
1899 1884 1950 1923 ut
1975 1881 2129 1925 relicta
2155 1882 2243 1926 iam
2272 1882 2393 1927 nulla

200 1963 319 2003 esset
350 1958 574 2011 dubitatio,
606 1970 658 2001 ea
685 1970 763 2013 pro
793 1958 909 2001 sanis
937 1956 1129 2013 profecto
1156 1960 1415 2012 acceperunt
1431 1957 1716 2012 posteriorum
1735 1957 1941 2013 plerique.
1984 1959 2045 2003 Et
2063 1972 2115 2004 eo
2133 1973 2392 2015 progressus

199 2042 269 2083 est
298 2028 534 2095 Gruppius,
571 2042 622 2080 ut
648 2048 779 2079 unum
808 2048 906 2079 esse
934 2047 1089 2090 corpus
1117 2039 1163 2079 et
1188 2036 1402 2089 integrum
1428 2036 1710 2079 contenderet
1737 2036 1970 2091 elegiarum
1997 2050 2109 2093 quae
2138 2039 2194 2083 ad
2223 2040 2393 2085 Deliam

197 2116 383 2171 scriptae
411 2119 579 2169 essent,
619 2128 697 2171 per
725 2114 839 2168 quod
866 2127 998 2158 unum
1024 2115 1153 2168 idque
1182 2114 1542 2169 sapientissimum
1571 2115 1892 2169 conspiceretur
1918 2116 2080 2171 egregii
2106 2123 2263 2173 poetae
2291 2129 2393 2164 con·

197 2195 352 2239 silium.
383 2196 531 2248 .Quae
572 2198 716 2239 autem
753 2193 806 2237 de
845 2194 983 2237 tribus
1012 2191 1168 2235 Tibulli
1205 2192 1311 2236 locis
1349 2193 1686 2247 transpositione
1727 2194 2006 2237 emendandis
2049 2196 2288 2250 disputavit
2323 2199 2390 2241 vir

193 2273 457 2317 clarissimus
486 2271 729 2316 Fridericus
757 2270 946 2314 Haasius
976 2269 1182 2324 (prooem.
1213 2269 1361 2314 aestiv.
1383 2269 1610 2314 Vratislav.
1643 2271 1767 2326 1855)
1806 2284 1893 2317 non
1922 2285 2026 2318 sane
2055 2275 2118 2319 ita
2154 2280 2257 2319 sunt
2290 2288 2391 2321 con-

193 2355 363 2406 parata,
402 2355 453 2394 ut
480 2351 620 2404 gratia
646 2349 747 2392 inde
776 2348 993 2392 conciliari
1020 2348 1162 2402 possit
1189 2348 1397 2392 eiusmodi
1432 2348 1676 2391 conatibus:
1714 2349 1875 2393 nullam
1914 2352 2028 2395 enim
2067 2354 2391 2399 emendationes

192 2429 292 2474 illae
320 2429 482 2474 habent
507 2429 598 2472 veri
627 2427 964 2472 similitudinem.

355 2506 466 2550 Mihi
495 2509 641 2549 tamen
669 2515 925 2560 persuasum
954 2506 1024 2548 est
1049 2504 1285 2549 miserrime
1315 2508 1538 2559 corruptas
1569 2517 1667 2550 esse
1688 2506 1953 2551 Tibullianae
1972 2521 2156 2562 poeseos
2183 2510 2388 2564 reliquias

190 2588 235 2627 et
263 2584 491 2627 nonnullas
522 2595 628 2637 quas
657 2594 770 2625 nunc
799 2585 1004 2635 tanquam
1032 2581 1222 2635 integras
1253 2580 1436 2635 legimus
1456 2582 1616 2636 elegias
1634 2582 1877 2637 fragmenta
1894 2585 2039 2639 potius
2058 2586 2274 2640 putandas
2292 2599 2392 2632 esse

189 2661 425 2714 elegiarum
454 2673 540 2704 non
569 2661 679 2704 bene
708 2659 949 2702 coniuncta.
1007 2658 1139 2702 Cuius
1167 2659 1336 2712 generis
1365 2659 1575 2712 quaedam
1604 2673 1731 2714 spero
1760 2674 1828 2705 me
1857 2674 2164 2715 persuasurum
2192 2676 2291 2708 esse
2317 2664 2385 2717 iis,

188 2738 260 2791 qui
297 2750 384 2782 non
423 2738 662 2782 sententias
700 2740 870 2780 tantum
906 2736 1133 2790 requirunt
1169 2748 1340 2790 quoquo
1378 2737 1505 2780 modo
1535 2738 1784 2781 coniunctas
1797 2773 1807 2790 ,
1848 2740 1926 2782 sed
1964 2745 2120 2794 poetae
2149 2741 2388 2784 consilium.

187 2814 327 2858 Multa
354 2819 500 2859 tamen
526 2814 709 2869 legimus
738 2825 849 2868 quae
878 2825 932 2857 ne
960 2812 1153 2868 intellegi
1180 2798 1353 2868 quidem
1390 2820 1585 2869 possunt.

294 2910 296 2913 ⁴
352 2893 476 2945 Quod
515 2894 553 2936 si
592 2893 688 2947 quis
718 2892 944 2945 dubitarit,
992 2904 1047 2934 an
1086 2892 1124 2935 is
1161 2891 1292 2936 fuerit
1329 2887 1545 2947 Tibullus,
1587 2906 1714 2948 quem
1751 2897 1881 2939 certis
1921 2897 2111 2941 consiliis
2149 2898 2193 2941 in
2231 2910 2390 2953 conpo-

185 2971 338 3015 nendis
367 2971 516 3026 elegiis
546 2971 775 3025 diligenter
802 2982 930 3013 usum
959 2982 1061 3039 esse·
1094 2974 1294 3025 putemus
1307 3004 1318 3024 ,
1357 2972 1396 3014 is
1435 2976 1536 3016 ante
1575 2974 1717 3017 omnia
1749 2974 1866 3027 legat
1893 2975 2021 3018 velim
2050 2976 2128 3019 sed
2157 2976 2387 3030 diligenter

184 3048 283 3093 libri
321 3049 447 3104 primi
487 3049 667 3104 elegiam
704 3048 880 3094 tertiam
919 3048 1164 3103 conparatis
1201 3060 1315 3104 quae
1354 3048 1407 3095 de
1444 3049 1525 3095 hac
1554 3050 1700 3106 'elegia
1735 3052 1845 3098 bene
1874 3052 2068 3109 disputat
2098 3054 2315 3110 Gruppius
2343 3055 2389 3098 in

1972 3135 1991 3174 1
