2550 3260
1246 137 1298 188 17

481 264 550 307 45.
662 263 770 308 haec
798 266 934 308 cantu
956 262 1165 317 finditque
1192 264 1334 309 solum
1353 274 1598 316 ,manesque
1624 261 1836 317 sepulcris

773 339 892 384 elicit
919 343 965 384 et
991 340 1138 395 tepido
1165 341 1346 402 devocat
1375 352 1477 386 ossa
1503 353 1631 396 rogo:

662 460 749 503 iam
777 462 899 503 tenet
925 452 1117 504 infernas
1144 461 1311 515 magico
1339 460 1527 506 stridore
1560 465 1769 513 catervas,

630 535 632 537 ’
757 536 859 594 ,iam
886 534 1007 578 iubet
1034 535 1267 590 adspersas
1294 538 1408 582 lacte
1435 538 1598 583 referre
1627 539 1795 593 pedem.

662 604 759 656 cum
785 606 904 664 libet,
934 605 1042 655 haec
1070 603 1393 673 tristi'de'pellit
1419 614 1567 657 nubila
1590 614 1727 666 caelo,

484 675 551 733 502·
774 681 870 732 cum
897 688 1016 741 libet,
1046 685 1212 732 aestivo
1240 695 1448 735 convocat
1476 692 1579 735 orbe
1607 692 1740 735 nives.

664 764 757 810 sola
785 768 934 810 tenere
962 764 1098 810 malas
1126 765 1306 812 Medeae
1336 765 1494 809 dicitur
1520 765 1691 818 herbas,
1757 821 1761 825 ⁵

672 829 675 832 ⁶
763 841 867 886 ‘sola
893 841 1009 886 feros
1037 841 1230 886 Hecatae
1256 843 1553 897 perdomuisse
1583 856 1724 888 canes.

664 963 772 1008 haec
799 963 905 1007 mihi
931 963 1160 1019 conposuit
1186 967 1340 1008 cantus
1369 964 1467 1018 quis
1493 963 1644 1009 fallere
1671 976 1850 1018 posses:

773 1045 843 1086 ter
868 1054 988 1096 cane,
1017 1045 1087 1086 ter
1115 1040 1244 1085 dictis
1272 1041 1435 1096 despue
1465 1041 1736 1085 carminibus.

488 1121 555 1164 55.
666 1119 739 1162 ille
767 1119 874 1162 nihil
901 1119 1064 1174 poterit
1091 1119 1145 1162 de
1172 1118 1297 1163 nobis
1326 1119 1502 1187 credere
1530 1120 1740 1174 cuiquam,

772 1207 860 1239 non
888 1196 984 1249 sibi,
1014 1196 1054 1239 si
1080 1196 1126 1239 in
1153 1196 1272 1240 molli
1298 1189 1455 1239 viderit
1480 1197 1576 1250 ipse
1605 1201 1714 1240 toro.

664 1278 716 1316 tu
741 1277 888 1316 tamen
916 1271 1138 1315 abstineas
1165 1271 1280 1315 aliis:
1309 1284 1409 1316 nam
1436 1279 1583 1322 cetera
1610 1280 1760 1318 cernet

774 1349 936 1393 omnia:
966 1349 1021 1393 de
1049 1362 1118 1393 me
1145 1361 1233 1394 uno
1261 1350 1421 1395 sentiet
1448 1350 1521 1394 ille
1549 1350 1668 1395 nihil.

666 1469 770 1521 quid
797 1469 997 1512 credam?
1024 1480 1179 1521 nempe
1205 1462 1313 1513 haec
1341 1471 1491 1514 eadem
1519 1483 1567 1514 se
1596 1472 1703 1514 dixit
1731 1482 1900 1513 amores

489 1549 556 1592 60.
754 1546 974 1594 vcantibus
1003 1550 1080 1590 aut
1106 1546 1251 1590 herbis
1280 1547 1448 1592 solvere
1476 1559 1606 1602 posse
1634 1559 1767 1599 meos,

667 1627 712 1668 et
740 1634 808 1666 me
835 1622 1038 1667 lustravit
1062 1624 1216 1676 taedis,
1246 1627 1292 1668 et
1318 1629 1445 1669 nocte
1474 1636 1629 1669 serena

778 1701 966 1744 concidit
993 1702 1050 1744 ad
1076 1703 1266 1755 magicos
1293 1702 1437 1746 hostia
1464 1702 1582 1756 pulla
1611 1703 1728 1746 deos.

671 1790 758 1820 non
788 1789 869 1831 ego
897 1781 1018 1821 totus
1046 1770 1222 1822 abesset
1250 1791 1382 1833 amor,
1413 1779 1491 1823 sed
1518 1783 1692 1822 mutuus
1721 1782 1851 1831 esset,

781 1855 969 1908 orabam,
999 1867 1079 1907 nec
1107 1859 1152 1899 te
1178 1867 1308 1910 posse
1337 1867 1484 1899 carere
1510 1855 1651 1899 velim.

347 1968 581 2023 Complura
610 1971 713 2011 sunt
740 1979 851 2021 quae
878 1979 1024 2011 veram
1053 1979 1149 2011 esse
1177 1967 1290 2010 hanc
1328 1968 1647 2012 distinctionem
1685 1968 1946 2021 persuadere
1984 1967 2167 2020 possint.
2228 1968 2387 2012 Statim

176 2050 300 2093 vides
329 2046 576 2091 sententiae
614 2045 807 2087 membra
847 2057 943 2087 cum
981 2045 1172 2100 strophis
1209 2046 1321 2088 bene
1360 2057 1615 2099 congruere„
1659 2057 1814 2088 novam
1851 2045 2074 2098 stropham
2112 2047 2303 2100 incipere
2332 2059 2385 2089 eo

172 2128 269 2171 loco
311 2126 386 2168 ubi
424 2125 481 2167 ad
518 2123 688 2166 Deliam
726 2134 774 2164 se
814 2123 1029 2165 convertit
1065 2127 1207 2175 poeta.
1264 2123 1498 2166 Praeterea
1526 2136 1612 2165 una
1641 2122 1821 2175 stropha
1848 2123 2169 2175 coniunguntur
2196 2125 2285 2167 tria
2310 2125 2386 2166 illa

173 2203 373 2255 disticha,
430 2213 614 2255 quorum
650 2199 901 2243 hexameter
938 2203 984 2243 et
1021 2204 1293 2254 pentameter
1330 2200 1384 2244 ab
1422 2200 1561 2244 isdem
1606 2197 1825 2245 vocabulis
1873 2199 2085 2254 incipiunt
2135 2200 2208 2253 (4⁷
2223 2225 2280 2233 —
2295 2201 2382 2255 52),

174 2279 441 2336 respondent
469 2277 552 2322 sibi
571 2279 753 2331 quartae
782 2279 829 2320 et
848 2276 1025 2332 quintae
1054 2276 1259 2333 strophae
1283 2275 1435 2319 initia:
1463 2275 1594 2320 haec
1622 2275 1726 2319 mihi
1751 2275 2192 2332 conposuit—haec
2221 2277 2385 2322 eadem.

173 2358 308 2414 Atqui
343 2357 383 2402 si
420 2359 544 2400 recte.
567 2355 638 2398 ita·
657 2354 767 2398 haec
795 2354 986 2410 strophis
1016 2354 1221 2398 distincta
1246 2358 1349 2398 sunt
1374 2354 1466 2397 veri
1501 2354 1640 2397 simile
1676 2366 1763 2397 non
1799 2354 1971 2399 videtur
2007 2354 2053 2397 in
2092 2355 2217 2398 initio
2256 2368 2390 2398 unum

177 2435 420 2480 solitarium
447 2431 665 2476 distichon
692 2432 883 2487 positum
911 2431 1061 2475 fuisse.
1118 2432 1299 2475 Accedit
1326 2431 1478 2485 quod,-
1503 2443 1599 2473 cum
1627 2432 1790 2474 arctius
1818 2431 1934 2474 inter
1963 2443 2011 2474 se
2041 2433 2271 2476 coniuncta
2300 2435 2388 2477 sint

173 2513 380 2568 strophae
410 2501 599 2557 secunda
627 2521 729 2554 cum
751 2509 894 2562 tertia,
924 2513 1079 2564 quarta
1107 2521 1204 2553 cum
1223 2509 1385 2564 quinta,
1415 2508 1500 2552 hoc
1527 2509 1643 2563 quod
1662 2509 1706 2553 in
1725 2509 1851 2554 initio
1869 2508 2062 2564 positum
2081 2514 2152 2554 est
2171 2511 2389 2557 distichon

176 2592 374 2646 sequitur
401 2602 489 2633 una
517 2587 711 2642 stropha,
743 2599 854 2640 quae
884 2599 981 2630 cum
1010 2587 1108 2641 ipso
1134 2587 1217 2630 hoc
1246 2586 1431 2630 disticho
1461 2587 1569 2629 satis
1599 2591 1719 2630 arcte
1747 2586 1966 2630 cohaeret,
2023 2588 2231 2633 Fortasse
2259 2590 2392 2644 igitur

174 2668 477 2713 coniciendum
503 2665 589 2708 erit
615 2676 789 2707 versum
817 2664 871 2706 33
899 2665 1191 2717 praecessisse
1220 2664 1306 2707 duo
1345 2667 1462 2707 certe
1493 2663 1679 2707 disticha
1707 2667 1758 2707 ut
1785 2665 1830 2707 in
1861 2665 1988 2708 initio
2016 2677 2189 2718 quoque
2226 2666 2388 2711 fuerint

175 2747 287 2791 duae
318 2744 524 2800 strophae
553 2743 667 2787 inter
695 2754 743 2786 se
772 2742 1037 2787 coniunctae.
1094 2742 1205 2786 Nam
1243 2742 1502 2795 praecedere
1541 2742 1738 2797 potuisse
1777 2742 1990 2796 quaedam
2029 2754 2156 2787 nemo
2196 2745 2384 2800 negabit,

178 2829 223 2868 et
251 2825 326 2867 ubi
355 2822 489 2867 semel
527 2821 807 2874 adgnovimus
845 2821 1084 2874 fragmenta
1124 2832 1204 2862 nos
1242 2823 1430 2863 tractare
1469 2820 1605 2862 nihilo
1633 2821 1725 2864 veri
1763 2820 1947 2863 similius
1986 2825 2056 2863 est
2092 2822 2198 2863 nihil
2238 2823 2391 2866 deesse

176 2912 306 2955 quam
333 2900 547 2944 excidisse
576 2897 751 2952 aliquid.
1512 2900 1519 2905 ’
