2550 3260
1284 105 1335 146 12

198 237 252 277 ab
294 237 392 289 ipsa
429 237 595 277 Venere
641 237 832 277 adiuvari
871 236 986 277 dicta
1031 239 1132 276 sunt
1173 236 1226 276 iis
1266 247 1362 276 cum
1399 236 1441 276 vi
1484 236 1670 287 quadam
1713 236 1810 278 finis
1851 236 2065 288 inpositus
2110 237 2179 276 est
2212 234 2409 276 versibus

198 314 265 355 27.
294 313 369 356 28;

698 390 894 444 quisquis
924 399 1069 431 amore
1097 391 1289 442 tenetur,
1321 392 1393 432 eat
1420 392 1626 445 tutusque
1650 400 1856 444 sacerque

806 466 1019 519 qualibet:
1050 465 1230 507 insidias
1258 478 1346 508 non
1374 466 1572 509 timuisse
1600 467 1738 510 decet.

200 543 377 586 Putabit
415 545 550 597 enim,
592 545 665 598 qui
704 544 759 586 ad
797 544 904 586 haec
942 543 1073 585 verba
1110 542 1293 596 legendo
1322 544 1579 597 pervenerit,
1609 544 1695 587 iam
1722 544 1836 586 hunc
1863 543 2005 591 locum
2034 542 2088 585 de
2115 541 2284 584 Venere
2310 551 2409 595 pro·

199 623 373 675 tegente
414 625 607 664 amantes
647 633 744 664 esse
781 620 1026 664 absolutum
1064 623 1109 663 et
1146 620 1318 674 egregie
1357 620 1601 664 absolutum
1634 633 1733 665 esse
1761 620 1979 665 iudicabit.
2037 619 2267 673 Languent
2292 628 2407 672 quae

200 701 301 750 post
328 698 433 740 talia
461 698 591 741 verba
621 698 850 741 adduntur.
2257 695 2261 698 ’

366 774 426 818 Et
454 774 597 830 qualia
625 773 870 819 adduntur?
899 772 1140 818 adfirmavit
1167 773 1303 818 iuvari
1332 777 1530 820 amantes
1558 774 1602 819 in
1631 773 1820 820 fallendo
1844 773 2010 828 marito,
2041 771 2304 827 custodibus,
2334 770 2409 817 de·

202 850 319 893 fendi
350 863 377 894 a
404 852 725 906 grassatoribus
756 851 976 896 nocturnis
1006 844 1050 894 et
1077 851 1427 908 praedatoribus,
1466 851 1610 895 omnia
1637 852 1821 908 denique
1857 850 2109 908 gravissime
2145 848 2409 906 conprehen-

202 930 266 970 dit
294 930 490 971 versibus
511 930 576 970 27.
599 930 664 970 28.
709 930 801 971 Iam
829 933 930 984 post
958 929 1064 971 haec
1094 930 1235 971 omnia
1264 941 1374 983 quae
1403 930 1457 972 de
1487 931 1755 984 gravioribus
1782 930 1985 985 periculis
2014 929 2130 970 dicta
2158 931 2260 969 sunt
2286 926 2410 969 addit

200 1008 262 1047 ita
304 1019 472 1059 quoque
512 1011 728 1047 amantem
757 1020 783 1047 a
811 1007 978 1048 Venere
1018 1006 1188 1048 defendi
1226 1010 1276 1047 ut
1311 1019 1365 1047 ne
1405 1007 1605 1058 pituitam
1644 1008 1817 1059 quidem
1855 1005 2110 1047 contrahere
2136 1005 2278 1058 possit
2304 1004 2407 1045 dum

200 1087 331 1126 noctu
359 1088 551 1136 vagetur.
608 1083 702 1126 Hoc
739 1083 870 1137 igitur
905 1083 1017 1127 tanti
1054 1083 1260 1127 momenti
1289 1096 1387 1126 esse
1414 1083 1642 1128 videbatur
1669 1088 1719 1128 ut
1745 1089 1847 1138 post
1874 1081 2117 1127 absolutam
2146 1079 2406 1125 sententiam

202 1159 446 1203 adderetur.
505 1159 573 1203 Ita
601 1163 745 1202 tamen
774 1158 882 1203 haec
910 1158 1214 1203 intellexerunt
1242 1159 1515 1214 interpretes.

367 1236 452 1279 Sed
492 1236 739 1290 diligentius
777 1236 967 1290 perlecto
1004 1236 1100 1279 loco
1138 1241 1286 1280 nostro
1324 1236 1437 1280 hanc
1476 1238 1735 1281 sententiam
1773 1249 1860 1280 non
1899 1236 2038 1280 solum
2076 1234 2268 1290 permale
2306 1236 2408 1288 post

204 1326 355 1355 versus
385 1314 451 1354 27.
483 1314 536 1355 28
567 1314 756 1356 additam
786 1325 884 1356 esse
914 1326 1233 1367 cognoscemus,
1265 1315 1343 1357 sed
1371 1327 1426 1358 ne
1454 1316 1599 1358 inesse
1627 1314 1800 1368 quidem
1827 1318 1984 1367 poetae
2001 1313 2156 1356 verbis,
2194 1312 2307 1355 Nam
2333 1311 2408 1355 be·

200 1390 342 1433 neficii
372 1391 508 1443 illius,
550 1391 663 1444 quod
693 1402 778 1433 non
808 1396 992 1434 noceant
1019 1392 1102 1445 ipsi
1130 1391 1292 1445 frigora
1320 1397 1450 1445 atque
1478 1392 1655 1444 imbreS,
1694 1396 1914 1435 auctorem
1948 1391 2053 1435 dicit
2079 1403 2165 1434 uon
2193 1390 2406 1433 Venerem

200 1468 324 1511 deam
361 1468 437 1511 sed
469 1467 647 1520 Deliam,
679 1480 788 1521 quae
819 1469 856 1511 si
885 1469 1106 1521 admittat,
1146 1473 1238 1512 tum
1270 1481 1357 1514 non
1387 1469 1467 1513 sibi
1498 1482 1651 1514 nocere
1680 1468 1766 1513 illa.
1823 1469 1891 1512 An
1917 1469 2111 1512 dicemus
2139 1471 2231 1511 tum
2259 1477 2408 1512 arcere

199 1545 273 1586 illa
303 1545 535 1596 Venerem,
577 1557 673 1588 cum
711 1546 954 1588 admissura
984 1546 1040 1588 sit
1069 1546 1283 1589 Tibullum
1312 1547 1456 1598 Delia,
1491 1559 1578 1590 uon
1607 1548 1644 1590 si
1672 1547 1911 1599 negatura?
1967 1546 2026 1589 At
2053 1546 2091 1588 si
2119 1544 2291 1598 quaeris
2320 1555 2406 1596 quo

198 1622 327 1664 modo
356 1627 449 1664 tum
479 1621 734 1664 defendatur
763 1634 790 1665 a
817 1621 975 1674 frigore
1004 1626 1134 1675 poeta
1163 1623 1200 1665 si
1229 1623 1483 1666 admittatur
1501 1635 1528 1665 a
1545 1623 1691 1676 puella
1708 1622 2056 1675 respondendum
2084 1622 2168 1664 erit
2192 1633 2279 1664 non
2307 1632 2406 1663 eum

199 1698 316 1752 loqui
346 1698 398 1742 de
429 1698 543 1742 mala
562 1698 807 1743 valetudine
838 1712 916 1753 per
943 1699 1079 1752 frigus
1109 1699 1412 1752 contrahenda,
1445 1700 1522 1743 sed
1548 1699 1660 1744 banc
1689 1699 1781 1743 eius
1810 1710 1908 1743 esse
1934 1698 2213 1743 sententiam:
2242 1708 2329 1741 non
2358 1708 2406 1742 se

199 1776 380 1829 sentire,
421 1775 545 1820 nihili
583 1775 725 1820 facere
760 1775 932 1830 frigoris
962 1780 1092 1831 atque
1121 1776 1318 1820 imbrium
1346 1776 1444 1829 vim,
1473 1776 1600 1820 modo
1629 1788 1678 1821 se
1708 1776 1912 1821 admittat
1938 1775 2075 1821 Delia.
2132 1774 2280 1820 Habes
2309 1785 2407 1820 sen·

198 1854 380 1897 tentiam
420 1854 474 1897 ab
513 1854 566 1897 iis
597 1865 708 1906 quae
736 1855 1001 1908 praecedunt
1038 1854 1250 1898 diversam
1288 1858 1333 1898 et
1369 1866 1479 1908 quae
1508 1865 1594 1908 quo
1621 1854 1792 1898 vinculo
1820 1865 1917 1897 cum
1944 1853 2030 1897 illis
2060 1853 2290 1898 cohaereat
2317 1864 2404 1898 non

195 1931 320 1973 facile
349 1931 600 1985 perspicias.
658 1931 738 1972 Vix
767 1931 881 1973 enim
916 1943 1068 1973 vereor
1102 1943 1158 1973 ne
1187 1932 1284 1984 quis
1313 1932 1376 1974 ita
1402 1932 1510 1974 haec
1537 1932 1641 1974 velit
1668 1932 1948 1984 coniungere:
1978 1930 2210 1973 defendere
2239 1931 2405 1975 scilicet

195 2007 420 2058 Venerem,
452 2007 649 2049 amoris
680 2007 805 2049 deam
834 2019 859 2049 a
888 2007 1047 2059 frigore
1076 2007 1302 2059 Tibullum,
1333 2008 1435 2061 quia
1461 2012 1639 2061 propter
1667 2008 1864 2051 amoris
1901 2007 2099 2050 ardorem
2127 2018 2213 2050 non
2242 2007 2406 2050 sentiat

193 2083 343 2136 frigus.
401 2084 540 2125 Nimis
581 2084 694 2126 enim
733 2084 875 2126 ieiune
914 2088 959 2126 et
988 2085 1160 2127 minime
1188 2085 1356 2137 poetice
1385 2084 1466 2127 hoc
1494 2085 1688 2128 additum
1714 2084 1829 2128 foret
1855 2088 1957 2137 post
1983 2083 2101 2127 illam
2129 2084 2266 2138 ipsius
2295 2085 2403 2128 deae

195 2161 320 2215 quasi
349 2161 559 2215 magicam
589 2161 783 2204 tutelam.
844 2161 1032 2205 Obstant
1059 2161 1244 2215 denique
1272 2166 1450 2217 propter
1477 2175 1587 2217 quae
1614 2166 1716 2217 post
1742 2175 1893 2207 versus
1921 2163 1989 2205 27.
2017 2161 2071 2205 28
2100 2162 2301 2216 subiungi
2328 2174 2404 2217 po-

193 2239 331 2282 tuisse
361 2238 513 2291 negavi
544 2238 805 2282 sententiam
835 2238 1005 2291 qualem
1032 2239 1228 2282 versibus
1257 2240 1422 2283 29-32
1450 2240 1593 2284 inesse
1621 2243 1749 2295 putat
1776 2239 2003 2283 Dissenus.

360 2316 622 2359 Persuasum
651 2316 784 2369 igitur
811 2315 916 2358 mihi
946 2320 1014 2358 est
1042 2320 1142 2370 post
1160 2329 1331 2360 versum
1351 2317 1405 2360 28
1424 2318 1712 2373 interruptum
1731 2329 1830 2361 esse
1854 2318 2166 2361 sententiarum
2195 2329 2404 2362 conexum

194 2399 238 2437 et
277 2395 488 2437 contineri
527 2394 723 2437 versibus
763 2394 946 2436 29-32
984 2393 1272 2448 fragmentum
1309 2396 1363 2438 ab
1392 2396 1445 2439 iis
1475 2408 1586 2450 quae
1614 2395 1880 2450 praecedunt
1906 2395 2105 2440 alienum.
2163 2396 2287 2441 Addo
2314 2409 2402 2441 non

195 2476 295 2526 apte
323 2484 451 2515 versu
480 2471 528 2514 31
565 2471 617 2515 de
648 2470 774 2514 Delia
803 2471 1050 2525 loquentem
1079 2475 1253 2526 poetam
1282 2473 1413 2517 tertia
1440 2485 1625 2527 persona
1652 2472 1716 2516 uti
1744 2472 1892 2526 videri,
1923 2485 2052 2528 quam
2079 2472 2148 2517 his
2177 2474 2282 2528 ipsis
2310 2487 2403 2519 ver·

192 2549 311 2593 sibus
342 2548 515 2603 adloqui
544 2552 733 2603 putatur.

359 2626 444 2669 Sed
473 2627 558 2667 iam
587 2626 854 2668 redeundum
884 2631 953 2669 est
982 2628 1037 2669 ad
1067 2628 1309 2670 solitarium
1337 2627 1457 2670 illum
1486 2628 1798 2670 hexametrum:
1829 2640 1929 2669 nam
1949 2628 2039 2670 veri
2058 2628 2175 2670 haud
2194 2629 2403 2673 dissimile

190 2703 294 2745 mihi
332 2703 503 2745 videtur
541 2702 659 2745 illum
698 2716 793 2746 cum
834 2705 998 2747 minore
1039 2717 1167 2747 versu
1197 2705 1270 2758 qui
1298 2705 1428 2758 periit
1455 2704 1724 2758 praecessise
1753 2702 1855 2748 olim
1881 2716 2053 2747 versum
2082 2705 2149 2747 29.
2208 2706 2334 2758 Quod
2361 2707 2402 2750 si

189 2785 307 2823 recte
346 2780 511 2823 conicio
550 2780 707 2833 perditi
745 2781 1005 2835 pentametri
1045 2782 1153 2825 haec
1189 2782 1280 2826 fere
1314 2781 1396 2825 fuit
1424 2783 1661 2825 sententia:
1702 2782 1857 2834 ,nullas
1887 2782 2119 2825 extimesco
2148 2782 2399 2828 molestias.‘

192 2857 385 2910 Vagatur
421 2862 514 2901 tota
554 2858 661 2901 urbe
700 2857 893 2901 Tibullus
933 2859 1067 2902 donec
1102 2859 1249 2903 veniat
1286 2858 1394 2903 hora
1431 2871 1517 2912 qua
1555 2859 1611 2903 ad
1648 2858 1764 2903 fores
1800 2871 1899 2902 eum
1936 2859 2091 2903 adesse
2120 2860 2249 2904 iussit
2275 2860 2404 2905 Delia

184 2935 340 2978 ,anxius
379 2938 497 2978 metu
535 2947 589 2977 ne
628 2939 772 2978 tamen
811 2947 896 2978 non
936 2936 1211 2979 admittatur:
1251 2948 1350 2979 nam
1389 2937 1528 2990 ipsum
1563 2936 1645 2980 hoc
1674 2936 1788 2979 anxii
1816 2936 2069 2980 vocabulum
2099 2936 2152 2981 de
2179 2939 2400 2982 nocturnis

186 3017 386 3065 potorum
415 3013 634 3056 hominum
664 3017 765 3065 post
795 3014 988 3056 convivia
1017 3015 1392 3058 comissationibus
1423 3015 1613 3068 cogitare
1643 3027 1722 3058 nos
1749 3019 1905 3058 vetat·
