2550 3260
1259 141 1286 185 3

206 270 305 317 nem
332 285 415 317 nox
445 277 656 326 ageretur.
701 273 792 315 Iam
821 272 940 314 solus
966 273 1090 324 redit,
1120 272 1301 316 fortiora
1328 272 1410 315 sibi
1436 272 1593 326 pocula
1619 272 1790 315 misceri
1817 272 1948 316 iubet.
1995 273 2151 318 Statim
2178 285 2266 317 non
2291 274 2394 320 vino

193 344 392 395 'delirans
421 354 522 394 ante
549 348 665 395 fores
695 352 811 392 stare
841 347 922 391 sibi
949 347 1116 392 videtur
1135 349 1212 393 sed
1230 349 1388 394 absens
1407 349 1590 404 primum
1610 349 1850 394 execrando
1869 360 1966 392 mox
1985 350 2200 403 precando
2218 350 2391 396 ianua-

204 430 452 483 adgreditur
477 432 683 481 tanquam
710 431 811 470 ante
838 426 954 469 fores
981 427 1169 470 adstans.
1225 428 1348 470 Ferri
1373 428 1455 471 hoc
1484 432 1601 471 certe
1630 432 1794 480 potest,
1827 428 2089 480 praesertim
2116 429 2161 470 in
2189 428 2271 472 hoc
2298 441 2391 472 car—

203 508 317 551 mine
344 516 429 560 quo
445 506 703 559 'depingitur
729 505 897 548 animus
923 503 1197 548 vehementer
1224 509 1460 549 conmotus.
1707 525 1712 528 >

367 584 459 629 lam
496 584 533 628 si
569 583 666 638 quis
705 582 933 637 diligenter
965 581 1148 636 legendo
1175 582 1417 636 pervenerit
1442 583 1498 627 ad
1524 594 1695 627 versum
1723 583 1789 635 33,
1820 582 2018 627 haerebit
2044 582 2162 632 haud
2190 584 2317 629 dubie
2344 590 2391 630 et

204 667 383 718 quaeret
419 673 504 717 quo
540 660 707 704 vinculo
745 672 859 714 quae
892 659 992 703 inde
1028 659 1084 703 ab
1119 659 1200 703 hoc
1236 672 1363 704 versu
1401 664 1606 705 secuntur
1633 660 1894 705 cohaereant
1920 672 2018 704 cum
2046 660 2102 704 iis
2129 673 2241 715 quae
2267 674 2391 720 prue—>

197 742 384 794 eodunt‚
421 751 561 794 neque
596 740 659 783 ita
693 738 820 782 facile
858 738 1057 782 inveniet.
1087 776 1094 782 .
1121 737 1350 782 Videamus
1387 739 1537 794 igitur,
1577 738 1679 793 quid
1717 738 1771 783 de
1798 738 1880 782 hac
1896 751 1959 798 re,
1983 738 2233 784 censuerint
2258 739 2391 785 inter·-

202 823 347 873 pretes
376 823 422 862 et
446 818 596 873 primo
611 817 707 860 loco
736 817 939 859 adeamus
968 828 1077 868 eum,
1106 816 1179 870 qui
1207 816 1419 860 uberrime
1447 817 1500 860 de
1520 817 1684 872 elegiae
1703 817 1997 871 conpositione
2017 817 2119 872 egit,
2140 817 2388 862 Dissenum.

365 895 456 939 Hic
483 897 615 949 igitur
645 907 727 938 nos
763 896 891 937 docet
925 894 1142 937 exordium
1170 894 1357 949 (1-14),
1384 906 1471 948 quo
1499 898 1646 958 poeta,
1676 898 1903 948 postquam
1931 895 2030 938 vino
2058 896 2284 952 consopire
2311 896 2389 941 do—

200 977 335 1020 lorem
373 980 553 1019 conatus
592 975 669 1025 sit,
709 986 860 1018 rursus
895 973 1092 1025 precibus
1129 974 1404 1025 adgrediamr
1438 974 1629 1024 ianuam,
1670 974 1809 1026 sequi
1820 975 2000 1027 primam
2027 975 2158 1017 medii
2186 976 2388 1020 camis

202 1058 380 1109 partem,
411 1065 520 1107 quae
548 1052 649 1096 inde
677 1064 704 1096 a
728 1063 857 1096 versu
887 1050 938 1094 15
957 1050 1162 1104 procedat
1187 1063 1324 1104 usque
1350 1051 1407 1094 ad
1433 1063 1605 1095 versum
1623 1051 1680 1094 40
1698 1051 1770 1103 (42
1791 1052 1941 1105 Diss„)
1971 1052 2127 1096 deinde
2155 1053 2388 1097 seeundo·

202 1143 312 1188 qnae
338 1130 534 1176 versibus
560 1129 724 1174 41--58
750 1128 1041 1182 contineatur,
1081 1132 1127 1173 et
1162 1129 1207 1174 id
1233 1139 1361 1184 agere
1399 1127 1565 1174 duabus
1594 1128 1661 1173 his
1689 1128 1883 1183 partibus
1912 1128 2127 1181 Tibullum
2155 1131 2208 1173 ιιι
2233 1128 2387 1176 Deliae

199 1210 332 1253 addat
360 1209 593 1252 audaciam.
649 1207 792 1249 Prima
818 1207 948 1260 igitur
974 1210 1097 1262 parte
1125 1211 1318 1252 amantes
1343 1207 1388 1249 ιιι
1417 1206 1595 1250 Veneris
1628 1206 1767 1250 tutela
1794 1218 1892 1251 esse
1921 1206 2150 1252 ostendere
2178 1219 2279 1253 eum
2305 1208 2384 1252 tri-

197 1287 369 1330 fariam:
400 1287 552 1328 docere
581 1285 705 1327 deam
733 1288 850 1326 artes
877 1283 1068 1335 furtivas,
1098 1285 1252 1337 quibus
1278 1284 1428 1327 fallere
1455 1284 1625 1337 possint
1651 1284 1864 1337 (15-24),
1903 1285 2016 1327 tueri
2050 1288 2226 1327 euntem
2253 1288 2386 1330 noctu

198 1376 277 1418 per
303 1365 395 1407 vias
424 1364 499 1414 (24
511 1362 678 1416 a—32),
707 1362 859 1414 punire
886 1361 1126 1415 proditores
1151 1362 1353 1414 loquaces
1384 1361 1595 1405 furtorum
1622 1361 1837 1414 (33—40).

362 1440 432 1484 Ita
467 1440 511 1484 in
549 1438 864 1484 introductione
905 1438 1019 1492 (pag.
1039 1438 1111 1492 31)
1148 1439 1323 1493 exponit
1351 1438 1581 1482 Dissenus:
1621 1442 1668 1482 at
1704 1439 1742 1482 si
1769 1437 2003 1492 perlegeris
2032 1439 2387 1484 commentarium

199 1519 441 1564 accuratius
469 1529 702 1572 cognosces
729 1517 809 1560 viri
837 1517 952 1561 docti
971 1517 1223 1572 opinionem.
1267 1517 1377 1562 Nam
1402 1541 1461 1549 —
1486 1517 1524 1561 si
1552 1520 1670 1562 recte
1697 1517 1899 1571 intellego
1919 1542 1976 1549 —
2003 1517 2183 1562 subesse
2212 1517 2385 1573 quide-

198 1601 325 1653 putat
349 1597 460 1640 banc
487 1596 747 1653 tripartitam
775 1596 1044 1649 sententiam,
1074 1595 1151 1640 sed
1178 1595 1304 1640 aliam
1332 1607 1430 1640 esse
1458 1594 1665 1641 orationis
1683 1594 1884 1640 formam:
1914 1600 2006 1642 tres
2034 1595 2114 1640 bas
2140 1596 2385 1645 sententias

200 1676 434 1720 secundum
453 1675 686 1718 Dissenum
703 1686 790 1718 non
810 1673 1057 1729 simpliciter
1084 1677 1306 1717 enumerat
1332 1674 1411 1717 sed
1438 1671 1710 1717 artificiosius
1739 1674 1961 1728 coniungit
1988 1678 2130 1729 poeta.
2173 1673 2244 1718 Ita
2270 1674 2385 1720 enim

197 1755 426 1799 cohaerere
454 1756 500 1795 et
525 1753 757 1807 procedere
786 1753 1043 1796 sententias:

361 1831 593 1886 Postquam
621 1830 814 1875 versibus
837 1830 1028 1873 15--24
1016 1843 1061 1874 ιιι
1075 1829 1254 1874 Veneris
1281 1828 1419 1873 tutela
1445 1841 1541 1874 esse
1570 1834 1764 1874 amantes
1793 1829 1911 1882 dixit,
1941 1844 2053 1885 quae
2081 1832 2237 1875 doceat
2265 1836 2384 1875 artes

196 1910 396 1963 furtivas,
432 1913 477 1953 et
504 1909 686 1962 addidit,
727 1921 829 1973 non
851 1920 998 1952 omnes
1025 1908 1227 1952 adiuvare
1253 1907 1462 1952 Venerem
1489 1907 1567 1952 sed
1594 1907 1791 1960 audaces,
1820 1908 1906 1953 iam
1933 1909 2130 1956 versibus
2159 1909 2383 1953 24a—32

195 1989 306 2031 hanc
334 1991 594 2042 postremam
629 1970 885 2030 sententiam
920 1998 998 2030 suo
1033 1987 1226 2041 exemplo
1252 1985 1458 2039 illustrat,
1498 1997 1626 2040 quem
1653 1986 1754 2039 quia
1779 1984 1905 2035 fortis
1935 1988 1995 2032 sit
2021 1999 2163 2042 neque
2190 1987 2383 2042 pericula

195 2069 377 2120 tangant
403 2076 542 2119 neque
571 2064 741 2118 frigoris
770 2068 847 2106 aut
872 2065 1070 2107 imbrium
1097 2065 1160 2107 vis
1185 2064 1335 2108 laedat
1358 2063 1459 2106 dum
1487 2067 1582 2108 tota
1608 2064 1712 2107 urbe
1741 2069 1932 2116 vagetur.
1991 2065 2182 2115 (Dissen.
2210 2076 2308 2119 pag.
2327 2065 2384 2109 39

195 2144 250 2187 ad
275 2155 385 2187 vers.
416 2142 502 2197 25.)
647 2178 650 2180 ,
1654 2171 1657 2174 -

199 2240 202 2243 v
357 2221 542 2274 Vaganti
569 2221 700 2274 igitur
729 2220 808 2263 sibi
837 2232 915 2273 per
941 2225 1078 2264 totam
1105 2221 1252 2265 urbem
1282 2221 1319 2264 si
1347 2221 1442 2274 quis
1463 2226 1659 2264 occurrat
1679 2220 1794 2263 hunc
1821 2225 1969 2264 monet
1995 2232 2050 2264 ne
2080 2232 2128 2265 se
2157 2222 2382 2276 adspiciat,

194 2314 278 2345 neu
304 2312 459 2344 nomen
487 2304 679 2353 quaerat,
708 2311 796 2342 neu
820 2303 983 2342 terreat
1010 2300 1193 2352 strepitu
1218 2300 1387 2353 pedum,
1422 2299 1606 2351 den-ique
1633 2310 1687 2342 ne
1716 2299 1823 2342 velit
1846 2299 2006 2352 loquax
2034 2311 2152 2342 esse:
2181 2300 2384 2353 gravissi·

194 2390 305 2423 mam
334 2377 447 2422 enim
473 2375 566 2421 fore
594 2388 787 2431 poenam.
845 2375 1038 2428 (33—40.
1067 2376 1165 2420 vide
1192 2376 1362 2420 Dissen.
1388 2388 1493 2429 pag..
1514 2376 1570 2419 40
1597 2376 1653 2419 ad
1679 2388 1789 2420 vers.
1818 2376 1906 2430 35.)

198 2460 205 2465 '
294 2489 297 2493 .
356 2455 392 2498 A
420 2467 548 2499 versu
576 2459 719 2499 autem
739 2443 1000 2509 *ll-incipere
1027 2458 1153 2509 putat
1180 2454 1390 2498 Dissenus
1419 2453 1599 2498 alteram
1627 2458 1807 2508 partem,
1837 2466 1924 2508 qua
1950 2454 2214 2509 magicarum
2240 2468 2384 2500 rerum

192 2534 463 2577 enarratione
494 2535 679 2576 animum
708 2534 866 2576 addere
894 2532 1046 2579 Deliae
1074 2532 1256 2576 studeat.

356 2612 642 2654 Consentiunt
668 2611 760 2655 fere
787 2623 882 2654 cum
911 2611 1098 2653 Disseno
1125 2611 1305 2653 Vossius
1334 2615 1380 2653 et
1406 2611 1763 2654 Wunderlichius.

356 2690 415 2733 At
441 2701 527 2733 non
556 2688 727 2733 difficile
756 2693 826 2732 est
852 2688 1145 2732 demonstrare
1173 2700 1323 2743 parum
1350 2692 1468 2733 recte
1486 2687 1595 2733 haec
1612 2702 1640 2732 a
1659 2689 1845 2734 Disseno
1863 2689 2086 2744 disputata
2104 2702 2214 2733 esse.
2256 2690 2384 2735 uiua

191 2778 304 2810 nunc
333 2767 447 2821 quod
476 2779 503 2810 a
530 2779 657 2811 versu
684 2769 735 2810 41
765 2767 902 2811 maior
929 2766 1063 2811 totius
1091 2765 1254 2820 elegiae
1281 2778 1382 2822 pars
1410 2766 1580 2810 initium
1607 2779 1762 2823 capere
1789 2779 1877 2812 non
1904 2770 2071 2822 potest,
2106 2767 2208 2821 quia
2232 2767 2384 2818 arctis-

192 2845 297 2886 sime
335 2856 484 2887 versus
512 2847 578 2886 41.
608 2846 663 2887 42
691 2845 922 2889 cohaerent
958 2856 1054 2887 cum
1090 2844 1285 2887 versibus
1312 2844 1432 2887 37—
1441 2845 1508 2888 40.
1566 2845 1727 2889 Versus
1766 2856 1936 2900 quoque
1965 2844 2031 2888 25.
2062 2845 2116 2888 26
2148 2857 2234 2890 non
2262 2849 2382 2891 recte

191 2922 425 2975 explicatos
454 2935 553 2967 esse
582 2927 684 2977 post
709 2923 957 2966 videbimus.
1001 2922 1136 2965 Nunc
1142 2935 1292 2966 versus
1311 2922 1377 2970 33
1385 2936 1443 2966 ss.
1464 2937 1604 2977 neque
1622 2929 1740 2967 recte
1761 2925 2089 2977 interpretatum
2118 2936 2215 2966 esse
2243 2935 2383 2976 neque

191 3010 286 3042 cum
315 3000 532 3054 prioribus
561 3001 672 3045 bene
700 3000 970 3044 coniunxisse
999 2999 1229 3044 Dissenum
1257 3000 1573 3046 demonstrabo.
1641 3035 1643 3037 .
2057 2995 2061 2999 ’

352 3078 418 3121 Ad
458 3091 532 3122 eos
572 3080 685 3122 enim
722 3082 970 3123 convertere
1010 3079 1248 3122 orationem
1284 3083 1409 3132 putat
1447 3079 1681 3131 Tibullum,
1722 3080 1793 3134 qui
1823 3080 1904 3123 soli
1931 3092 2008 3133 per
2035 3080 2185 3123 urbem
2212 3081 2386 3134 vagun'
