<?xml version="1.0" encoding="UTF-8"?>
<!DOCTYPE html PUBLIC "-//W3C//DTD XHTML 1.0 Transitional//EN"
    "http://www.w3.org/TR/xhtml1/DTD/xhtml1-transitional.dtd">
<html xmlns="http://www.w3.org/1999/xhtml" xml:lang="en" lang="en">
 <head>
  <title>
</title>
<meta http-equiv="Content-Type" content="text/html;charset=utf-8" />
  <meta name='ocr-system' content='tesseract 3.04.00' />
  <meta name='ocr-capabilities' content='ocr_page ocr_carea ocr_par ocr_line ocrx_word'/>
</head>
<body>
  <div class='ocr_page' id='page_1' title='image "4770938_0018.png"; bbox 0 0 2550 3260; ppageno 0'>
   <div class='ocr_carea' id='block_1_1' title="bbox 1233 119 1259 160">
    <p class='ocr_par' dir='ltr' id='par_1_1' title="bbox 1233 119 1259 160">
     <span class='ocr_line' id='line_1_1' title="bbox 1233 119 1259 160; baseline 0 0"><span class='ocrx_word' id='word_1_1' title='bbox 1233 119 1259 160; x_wconf 82' lang='lat'><strong>6</strong></span> 
     </span>
    </p>
   </div>
   <div class='ocr_carea' id='block_1_2' title="bbox 145 231 2340 535">
    <p class='ocr_par' dir='ltr' id='par_1_2' title="bbox 145 231 2340 535">
     <span class='ocr_line' id='line_1_2' title="bbox 151 231 2339 302; baseline 0.002 -14"><span class='ocrx_word' id='word_1_2' title='bbox 151 244 246 288; x_wconf 86' lang='lat' dir='ltr'><strong>bus.</strong></span> <span class='ocrx_word' id='word_1_3' title='bbox 305 245 396 289; x_wconf 87' lang='lat' dir='ltr'><strong>Iam</strong></span> <span class='ocrx_word' id='word_1_4' title='bbox 427 257 537 300; x_wconf 77' lang='lat' dir='ltr'><strong>quae</strong></span> <span class='ocrx_word' id='word_1_5' title='bbox 568 246 657 289; x_wconf 89' lang='lat' dir='ltr'><strong>sint</strong></span> <span class='ocrx_word' id='word_1_6' title='bbox 686 245 865 290; x_wconf 86' lang='lat' dir='ltr'><strong>Veneris</strong></span> <span class='ocrx_word' id='word_1_7' title='bbox 893 246 1009 290; x_wconf 82' lang='lat' dir='ltr'><strong>furta</strong></span> <span class='ocrx_word' id='word_1_8' title='bbox 1035 245 1161 291; x_wconf 80' lang='lat' dir='ltr'><strong>facile</strong></span> <span class='ocrx_word' id='word_1_9' title='bbox 1189 231 1489 301; x_wconf 83' lang='lat' dir='ltr'><strong>intellegimus,</strong></span> <span class='ocrx_word' id='word_1_10' title='bbox 1519 246 1604 292; x_wconf 89' lang='lat' dir='ltr'><strong>iam</strong></span> <span class='ocrx_word' id='word_1_11' title='bbox 1632 258 1717 290; x_wconf 89' lang='lat' dir='ltr'><strong>non</strong></span> <span class='ocrx_word' id='word_1_12' title='bbox 1745 247 1975 291; x_wconf 77' lang='lat' dir='ltr'><strong>se-terreri</strong></span> <span class='ocrx_word' id='word_1_13' title='bbox 2001 250 2122 298; x_wconf 68' lang='lat' dir='ltr'><strong>vetat</strong></span> <span class='ocrx_word' id='word_1_14' title='bbox 2156 247 2339 302; x_wconf 66' lang='lat' dir='ltr'><strong>strepitu</strong></span> 
     </span>
     <span class='ocr_line' id='line_1_3' title="bbox 149 323 2339 379; baseline 0.003 -13"><span class='ocrx_word' id='word_1_15' title='bbox 149 323 307 376; x_wconf 89' lang='lat' dir='ltr'><strong>pedum</strong></span> <span class='ocrx_word' id='word_1_16' title='bbox 347 324 425 366; x_wconf 87' lang='lat' dir='ltr'><strong>sed</strong></span> <span class='ocrx_word' id='word_1_17' title='bbox 462 328 656 367; x_wconf 80' lang='lat' dir='ltr'><strong>teneram</strong></span> <span class='ocrx_word' id='word_1_18' title='bbox 692 323 899 378; x_wconf 80' lang='lat' dir='ltr'><strong>puellam,</strong></span> <span class='ocrx_word' id='word_1_19' title='bbox 943 324 1029 367; x_wconf 90' lang='lat' dir='ltr'><strong>iam</strong></span> <span class='ocrx_word' id='word_1_20' title='bbox 1064 336 1152 368; x_wconf 92' lang='lat' dir='ltr'><strong>non</strong></span> <span class='ocrx_word' id='word_1_21' title='bbox 1179 336 1315 367; x_wconf 82' lang='lat' dir='ltr'><strong>vanus</strong></span> <span class='ocrx_word' id='word_1_22' title='bbox 1349 323 1474 368; x_wconf 80' lang='lat' dir='ltr'><strong>nobis</strong></span> <span class='ocrx_word' id='word_1_23' title='bbox 1500 323 1669 367; x_wconf 84' lang='lat' dir='ltr'><strong>videtur</strong></span> <span class='ocrx_word' id='word_1_24' title='bbox 1694 326 1742 366; x_wconf 86' lang='lat' dir='ltr'><strong>et</strong></span> <span class='ocrx_word' id='word_1_25' title='bbox 1766 323 1972 369; x_wconf 62' lang='lat' dir='ltr'><strong>ridiculus</strong></span> <span class='ocrx_word' id='word_1_26' title='bbox 1999 324 2158 371; x_wconf 80' lang='lat' dir='ltr'><strong>Tibulli</strong></span> <span class='ocrx_word' id='word_1_27' title='bbox 2184 329 2339 379; x_wconf 63' lang='lat' dir='ltr'><strong>meina,</strong></span> 
     </span>
     <span class='ocr_line' id='line_1_4' title="bbox 151 401 2340 455; baseline 0.002 -13"><span class='ocrx_word' id='word_1_28' title='bbox 151 401 274 442; x_wconf 85' lang='lat' dir='ltr'><strong>cuius</strong></span> <span class='ocrx_word' id='word_1_29' title='bbox 303 414 478 444; x_wconf 87' lang='lat' dir='ltr'><strong>causam</strong></span> <span class='ocrx_word' id='word_1_30' title='bbox 507 407 703 445; x_wconf 89' lang='lat' dir='ltr'><strong>tenemus</strong></span> <span class='ocrx_word' id='word_1_31' title='bbox 731 402 914 444; x_wconf 86' lang='lat' dir='ltr'><strong>maxime</strong></span> <span class='ocrx_word' id='word_1_32' title='bbox 942 402 1160 454; x_wconf 76' lang='lat' dir='ltr'><strong>idoneam,</strong></span> <span class='ocrx_word' id='word_1_33' title='bbox 1200 401 1383 455; x_wconf 86' lang='lat' dir='ltr'><strong>denique</strong></span> <span class='ocrx_word' id='word_1_34' title='bbox 1420 414 1515 445; x_wconf 78' lang='lat' dir='ltr'><strong>cum</strong></span> <span class='ocrx_word' id='word_1_35' title='bbox 1542 401 1597 443; x_wconf 85' lang='lat' dir='ltr'><strong>iis</strong></span> <span class='ocrx_word' id='word_1_36' title='bbox 1623 413 1792 454; x_wconf 86' lang='lat' dir='ltr'><strong>quoque</strong></span> <span class='ocrx_word' id='word_1_37' title='bbox 1818 413 1931 454; x_wconf 73' lang='lat' dir='ltr'><strong>quae</strong></span> <span class='ocrx_word' id='word_1_38' title='bbox 1951 405 2167 447; x_wconf 68' lang='lat' dir='ltr'><strong>secuntur-</strong></span> <span class='ocrx_word' id='word_1_39' title='bbox 2189 417 2340 449; x_wconf 67' lang='lat' dir='ltr'><strong>veram</strong></span> 
     </span>
     <span class='ocr_line' id='line_1_5' title="bbox 145 468 2336 535; baseline 0.003 -14"><span class='ocrx_word' id='word_1_40' title='bbox 145 477 330 522; x_wconf 82' lang='lat'><strong>33—40</strong></span> <span class='ocrx_word' id='word_1_41' title='bbox 357 479 466 524; x_wconf 91' lang='lat' dir='ltr'><strong>bene</strong></span> <span class='ocrx_word' id='word_1_42' title='bbox 497 478 712 523; x_wconf 87' lang='lat' dir='ltr'><strong>coniuncti</strong></span> <span class='ocrx_word' id='word_1_43' title='bbox 740 482 853 522; x_wconf 90' lang='lat' dir='ltr'><strong>sunt.</strong></span> <span class='ocrx_word' id='word_1_44' title='bbox 881 468 885 473; x_wconf 62' lang='grc'>’</span> <span class='ocrx_word' id='word_1_45' title='bbox 910 479 971 523; x_wconf 87' lang='lat' dir='ltr'><strong>Et</strong></span> <span class='ocrx_word' id='word_1_46' title='bbox 998 482 1258 535; x_wconf 85' lang='lat' dir='ltr'><strong>acceperunt</strong></span> <span class='ocrx_word' id='word_1_47' title='bbox 1271 479 1348 523; x_wconf 44' lang='lat' dir='ltr'><strong>*ita</strong></span> <span class='ocrx_word' id='word_1_48' title='bbox 1381 482 1536 534; x_wconf 85' lang='lat' dir='ltr'><strong>poetae</strong></span> <span class='ocrx_word' id='word_1_49' title='bbox 1561 478 1693 523; x_wconf 82' lang='lat' dir='ltr'><strong>verba</strong></span> <span class='ocrx_word' id='word_1_50' title='bbox 1728 476 2026 523; x_wconf 78' lang='lat' dir='ltr'><strong>Broukliusius</strong></span> <span class='ocrx_word' id='word_1_51' title='bbox 2062 478 2138 534; x_wconf 88' lang='lat' dir='ltr'><strong>(ad</strong></span> <span class='ocrx_word' id='word_1_52' title='bbox 2165 492 2336 527; x_wconf 64' lang='lat' dir='ltr'><strong>venum</strong></span> 
     </span>
    </p>
   </div>
   <div class='ocr_carea' id='block_1_3' title="bbox 146 554 2424 612">
    <p class='ocr_par' dir='ltr' id='par_1_3' title="bbox 146 554 2424 612">
     <span class='ocr_line' id='line_1_6' title="bbox 146 554 2424 612; baseline 0.002 -13"><span class='ocrx_word' id='word_1_53' title='bbox 146 554 220 610; x_wconf 88' lang='lat'><strong>33)</strong></span> <span class='ocrx_word' id='word_1_54' title='bbox 243 555 425 610; x_wconf 88' lang='lat' dir='ltr'><strong>Vulpius</strong></span> <span class='ocrx_word' id='word_1_55' title='bbox 455 556 529 609; x_wconf 88' lang='lat' dir='ltr'><strong>(ad</strong></span> <span class='ocrx_word' id='word_1_56' title='bbox 556 555 741 600; x_wconf 87' lang='lat' dir='ltr'><strong>eundem</strong></span> <span class='ocrx_word' id='word_1_57' title='bbox 769 556 928 612; x_wconf 91' lang='lat' dir='ltr'><strong>locum)</strong></span> <span class='ocrx_word' id='word_1_58' title='bbox 958 557 1145 602; x_wconf 77' lang='lat' dir='ltr'><strong>Baebius</strong></span> <span class='ocrx_word' id='word_1_59' title='bbox 1175 556 1476 611; x_wconf 72' lang='lat' dir='ltr'><strong>(argumento).</strong></span> <span class='ocrx_word' id='word_1_60' title='bbox 1535 555 1621 601; x_wconf 88' lang='lat' dir='ltr'><strong>Sed</strong></span> <span class='ocrx_word' id='word_1_61' title='bbox 1646 555 1733 600; x_wconf 85' lang='lat' dir='ltr'><strong>iam</strong></span> <span class='ocrx_word' id='word_1_62' title='bbox 1761 554 1847 600; x_wconf 79' lang='lat' dir='ltr'><strong>alia</strong></span> <span class='ocrx_word' id='word_1_63' title='bbox 1871 556 2064 601; x_wconf 76' lang='lat' dir='ltr'><strong>nascitur</strong></span> <span class='ocrx_word' id='word_1_64' title='bbox 2090 555 2335 609; x_wconf 58' lang='lat' dir='ltr'><strong>difficultas,</strong></span> <span class='ocrx_word' id='word_1_65' title='bbox 2421 583 2424 585; x_wconf 35' lang='lat' dir='ltr'>v</span> 
     </span>
    </p>
   </div>
   <div class='ocr_carea' id='block_1_4' title="bbox 129 619 2391 3095">
    <p class='ocr_par' dir='ltr' id='par_1_4' title="bbox 146 619 2337 922">
     <span class='ocr_line' id='line_1_7' title="bbox 147 619 2336 691; baseline 0.003 -16"><span class='ocrx_word' id='word_1_66' title='bbox 147 633 271 686; x_wconf 88' lang='lat' dir='ltr'><strong>Nam,</strong></span> <span class='ocrx_word' id='word_1_67' title='bbox 303 645 398 677; x_wconf 91' lang='lat' dir='ltr'><strong>cum</strong></span> <span class='ocrx_word' id='word_1_68' title='bbox 426 634 541 678; x_wconf 89' lang='lat' dir='ltr'><strong>haud</strong></span> <span class='ocrx_word' id='word_1_69' title='bbox 569 635 698 678; x_wconf 88' lang='lat' dir='ltr'><strong>dubie</strong></span> <span class='ocrx_word' id='word_1_70' title='bbox 725 635 923 679; x_wconf 85' lang='lat' dir='ltr'><strong>versibus</strong></span> <span class='ocrx_word' id='word_1_71' title='bbox 953 635 1135 678; x_wconf 84' lang='lat'><strong>29-32</strong></span> <span class='ocrx_word' id='word_1_72' title='bbox 1171 635 1226 680; x_wconf 86' lang='lat' dir='ltr'><strong>de</strong></span> <span class='ocrx_word' id='word_1_73' title='bbox 1262 646 1310 678; x_wconf 90' lang='lat' dir='ltr'><strong>se</strong></span> <span class='ocrx_word' id='word_1_74' title='bbox 1338 635 1430 678; x_wconf 89' lang='lat' dir='ltr'><strong>solo</strong></span> <span class='ocrx_word' id='word_1_75' title='bbox 1458 646 1536 689; x_wconf 86' lang='lat' dir='ltr'><strong>per</strong></span> <span class='ocrx_word' id='word_1_76' title='bbox 1562 634 1710 677; x_wconf 89' lang='lat' dir='ltr'><strong>urbem</strong></span> <span class='ocrx_word' id='word_1_77' title='bbox 1737 638 1920 688; x_wconf 79' lang='lat' dir='ltr'><strong>vagante</strong></span> <span class='ocrx_word' id='word_1_78' title='bbox 1948 634 2105 680; x_wconf 75' lang='lat' dir='ltr'>dixerit</span> <span class='ocrx_word' id='word_1_79' title='bbox 2130 619 2336 691; x_wconf 70' lang='lat' dir='ltr'><strong>Tibullus,</strong></span> 
     </span>
     <span class='ocr_line' id='line_1_8' title="bbox 146 712 2337 768; baseline 0.002 -12"><span class='ocrx_word' id='word_1_80' title='bbox 146 724 232 765; x_wconf 92' lang='lat' dir='ltr'><strong>quo</strong></span> <span class='ocrx_word' id='word_1_81' title='bbox 269 714 444 757; x_wconf 90' lang='lat' dir='ltr'><strong>tandem</strong></span> <span class='ocrx_word' id='word_1_82' title='bbox 471 713 640 757; x_wconf 89' lang='lat' dir='ltr'><strong>vinculo</strong></span> <span class='ocrx_word' id='word_1_83' title='bbox 679 726 777 757; x_wconf 91' lang='lat' dir='ltr'><strong>cum</strong></span> <span class='ocrx_word' id='word_1_84' title='bbox 814 714 900 758; x_wconf 92' lang='lat' dir='ltr'><strong>illis</strong></span> <span class='ocrx_word' id='word_1_85' title='bbox 938 719 1133 758; x_wconf 89' lang='lat' dir='ltr'><strong>nostrum</strong></span> <span class='ocrx_word' id='word_1_86' title='bbox 1170 714 1311 758; x_wconf 81' lang='lat' dir='ltr'><strong>locum</strong></span> <span class='ocrx_word' id='word_1_87' title='bbox 1347 712 1577 757; x_wconf 85' lang='lat' dir='ltr'><strong>cohaerere</strong></span> <span class='ocrx_word' id='word_1_88' title='bbox 1615 713 1834 757; x_wconf 78' lang='lat' dir='ltr'><strong>dicemus?</strong></span> <span class='ocrx_word' id='word_1_89' title='bbox 1889 713 2040 768; x_wconf 81' lang='lat' dir='ltr'><strong>Neque</strong></span> <span class='ocrx_word' id='word_1_90' title='bbox 2079 714 2133 760; x_wconf 86' lang='lat' dir='ltr'><strong>de</strong></span> <span class='ocrx_word' id='word_1_91' title='bbox 2170 714 2251 759; x_wconf 81' lang='lat' dir='ltr'><strong>hac</strong></span> <span class='ocrx_word' id='word_1_92' title='bbox 2287 728 2337 760; x_wconf 81' lang='lat' dir='ltr'><strong>re</strong></span> 
     </span>
     <span class='ocr_line' id='line_1_9' title="bbox 147 774 2336 845; baseline 0.003 -14"><span class='ocrx_word' id='word_1_93' title='bbox 147 790 378 843; x_wconf 85' lang='lat' dir='ltr'><strong>quidquam</strong></span> <span class='ocrx_word' id='word_1_94' title='bbox 397 790 477 833; x_wconf 86' lang='lat' dir='ltr'><strong>viri</strong></span> <span class='ocrx_word' id='word_1_95' title='bbox 504 774 569 833; x_wconf 83' lang='lat' dir='ltr'><strong>illi</strong></span> <span class='ocrx_word' id='word_1_96' title='bbox 606 791 722 834; x_wconf 91' lang='lat' dir='ltr'><strong>docti</strong></span> <span class='ocrx_word' id='word_1_97' title='bbox 752 792 1025 835; x_wconf 82' lang='lat' dir='ltr'><strong>adnotarunt.</strong></span> <span class='ocrx_word' id='word_1_98' title='bbox 1083 792 1279 844; x_wconf 87' lang='lat' dir='ltr'><strong>Denique</strong></span> <span class='ocrx_word' id='word_1_99' title='bbox 1306 802 1392 844; x_wconf 90' lang='lat' dir='ltr'><strong>quo</strong></span> <span class='ocrx_word' id='word_1_100' title='bbox 1410 790 1540 835; x_wconf 87' lang='lat' dir='ltr'><strong>modo</strong></span> <span class='ocrx_word' id='word_1_101' title='bbox 1565 790 1861 844; x_wconf 79' lang='lat' dir='ltr'><strong>intellegemus</strong></span> <span class='ocrx_word' id='word_1_102' title='bbox 1889 794 2062 845; x_wconf 84' lang='lat' dir='ltr'><strong>poetam</strong></span> <span class='ocrx_word' id='word_1_103' title='bbox 2089 792 2144 836; x_wconf 84' lang='lat' dir='ltr'><strong>de</strong></span> <span class='ocrx_word' id='word_1_104' title='bbox 2173 804 2221 837; x_wconf 86' lang='lat' dir='ltr'><strong>se</strong></span> <span class='ocrx_word' id='word_1_105' title='bbox 2240 804 2336 837; x_wconf 81' lang='lat' dir='ltr'><strong>eum</strong></span> 
     </span>
     <span class='ocr_line' id='line_1_10' title="bbox 147 861 2053 922; baseline 0.001 -13"><span class='ocrx_word' id='word_1_106' title='bbox 147 878 243 909; x_wconf 90' lang='lat' dir='ltr'><strong>cum</strong></span> <span class='ocrx_word' id='word_1_107' title='bbox 272 868 400 911; x_wconf 91' lang='lat' dir='ltr'><strong>Delia</strong></span> <span class='ocrx_word' id='word_1_108' title='bbox 427 861 621 921; x_wconf 80' lang='lat' dir='ltr'><strong>fugiente</strong></span> <span class='ocrx_word' id='word_1_109' title='bbox 649 870 898 922; x_wconf 89' lang='lat' dir='ltr'><strong>loquentem</strong></span> <span class='ocrx_word' id='word_1_110' title='bbox 928 870 1027 912; x_wconf 88' lang='lat' dir='ltr'><strong>dum</strong></span> <span class='ocrx_word' id='word_1_111' title='bbox 1056 870 1170 912; x_wconf 89' lang='lat' dir='ltr'><strong>domi</strong></span> <span class='ocrx_word' id='word_1_112' title='bbox 1195 871 1268 912; x_wconf 81' lang='lat' dir='ltr'><strong>est</strong></span> <span class='ocrx_word' id='word_1_113' title='bbox 1294 869 1382 921; x_wconf 84' lang='lat' dir='ltr'><strong>illa,</strong></span> <span class='ocrx_word' id='word_1_114' title='bbox 1405 868 1590 912; x_wconf 79' lang='lat' dir='ltr'><strong>fortiora</strong></span> <span class='ocrx_word' id='word_1_115' title='bbox 1617 868 1772 922; x_wconf 87' lang='lat' dir='ltr'><strong>pocula</strong></span> <span class='ocrx_word' id='word_1_116' title='bbox 1786 868 1906 912; x_wconf 86' lang='lat' dir='ltr'><strong>bibit</strong></span> <span class='ocrx_word' id='word_1_117' title='bbox 1932 869 2053 922; x_wconf 80' lang='lat' dir='ltr'><strong>ipse?</strong></span> 
     </span>
    </p>

    <p class='ocr_par' dir='ltr' id='par_1_5' title="bbox 141 946 2391 1621">
     <span class='ocr_line' id='line_1_11' title="bbox 309 946 2336 1002; baseline 0.002 -13"><span class='ocrx_word' id='word_1_118' title='bbox 309 946 440 990; x_wconf 84' lang='lat' dir='ltr'><strong>Dicas</strong></span> <span class='ocrx_word' id='word_1_119' title='bbox 478 948 692 992; x_wconf 86' lang='lat' dir='ltr'><strong>vinculum</strong></span> <span class='ocrx_word' id='word_1_120' title='bbox 731 948 837 991; x_wconf 91' lang='lat' dir='ltr'><strong>illud</strong></span> <span class='ocrx_word' id='word_1_121' title='bbox 874 947 1084 991; x_wconf 88' lang='lat' dir='ltr'><strong>contineri</strong></span> <span class='ocrx_word' id='word_1_122' title='bbox 1120 947 1314 991; x_wconf 86' lang='lat' dir='ltr'><strong>versibus</strong></span> <span class='ocrx_word' id='word_1_123' title='bbox 1352 947 1550 1000; x_wconf 79' lang='lat'><strong>31—32,</strong></span> <span class='ocrx_word' id='word_1_124' title='bbox 1590 947 1663 1000; x_wconf 90' lang='lat' dir='ltr'><strong>qui</strong></span> <span class='ocrx_word' id='word_1_125' title='bbox 1701 947 1805 991; x_wconf 87' lang='lat' dir='ltr'><strong>dicti</strong></span> <span class='ocrx_word' id='word_1_126' title='bbox 1841 947 1930 991; x_wconf 88' lang='lat' dir='ltr'><strong>sint</strong></span> <span class='ocrx_word' id='word_1_127' title='bbox 1957 947 2182 1002; x_wconf 74' lang='lat' dir='ltr'><strong>‹le-puella</strong></span> <span class='ocrx_word' id='word_1_128' title='bbox 2208 960 2336 1002; x_wconf 77' lang='lat' dir='ltr'><strong>quam</strong></span> 
     </span>
     <span class='ocr_line' id='line_1_12' title="bbox 147 1023 2337 1081; baseline 0.002 -15"><span class='ocrx_word' id='word_1_129' title='bbox 147 1024 354 1067; x_wconf 84' lang='lat' dir='ltr'><strong>reseratis</strong></span> <span class='ocrx_word' id='word_1_130' title='bbox 382 1023 546 1068; x_wconf 88' lang='lat' dir='ltr'><strong>foribus</strong></span> <span class='ocrx_word' id='word_1_131' title='bbox 575 1025 739 1069; x_wconf 90' lang='lat' dir='ltr'><strong>relictis</strong></span> <span class='ocrx_word' id='word_1_132' title='bbox 769 1025 947 1069; x_wconf 87' lang='lat' dir='ltr'><strong>aedibus</strong></span> <span class='ocrx_word' id='word_1_133' title='bbox 975 1036 1119 1068; x_wconf 86' lang='lat' dir='ltr'><strong>secum</strong></span> <span class='ocrx_word' id='word_1_134' title='bbox 1148 1024 1352 1077; x_wconf 79' lang='lat' dir='ltr'><strong>aufugere</strong></span> <span class='ocrx_word' id='word_1_135' title='bbox 1380 1027 1514 1078; x_wconf 85' lang='lat' dir='ltr'><strong>optet.</strong></span> <span class='ocrx_word' id='word_1_136' title='bbox 1558 1026 1671 1069; x_wconf 85' lang='lat' dir='ltr'><strong>Dum</strong></span> <span class='ocrx_word' id='word_1_137' title='bbox 1698 1025 1828 1078; x_wconf 91' lang='lat' dir='ltr'><strong>igitur</strong></span> <span class='ocrx_word' id='word_1_138' title='bbox 1854 1029 1984 1079; x_wconf 86' lang='lat' dir='ltr'><strong>poeta</strong></span> <span class='ocrx_word' id='word_1_139' title='bbox 2010 1036 2189 1070; x_wconf 87' lang='lat' dir='ltr'><strong>monens</strong></span> <span class='ocrx_word' id='word_1_140' title='bbox 2214 1027 2337 1081; x_wconf 83' lang='lat' dir='ltr'><strong>puel-</strong></span> 
     </span>
     <span class='ocr_line' id='line_1_13' title="bbox 143 1091 2391 1157; baseline 0.003 -15"><span class='ocrx_word' id='word_1_141' title='bbox 143 1100 230 1143; x_wconf 86' lang='lat' dir='ltr'><strong>lam</strong></span> <span class='ocrx_word' id='word_1_142' title='bbox 259 1104 305 1144; x_wconf 90' lang='lat' dir='ltr'><strong>et</strong></span> <span class='ocrx_word' id='word_1_143' title='bbox 332 1101 385 1145; x_wconf 88' lang='lat' dir='ltr'><strong>de</strong></span> <span class='ocrx_word' id='word_1_144' title='bbox 416 1112 495 1145; x_wconf 88' lang='lat' dir='ltr'><strong>sua</strong></span> <span class='ocrx_word' id='word_1_145' title='bbox 523 1102 733 1156; x_wconf 90' lang='lat' dir='ltr'><strong>patientia</strong></span> <span class='ocrx_word' id='word_1_146' title='bbox 760 1103 1024 1157; x_wconf 89' lang='lat' dir='ltr'><strong>Venerisque</strong></span> <span class='ocrx_word' id='word_1_147' title='bbox 1051 1101 1193 1145; x_wconf 90' lang='lat' dir='ltr'><strong>tutela·</strong></span> <span class='ocrx_word' id='word_1_148' title='bbox 1213 1102 1345 1146; x_wconf 86' lang='lat' dir='ltr'><strong>verba</strong></span> <span class='ocrx_word' id='word_1_149' title='bbox 1370 1101 1532 1146; x_wconf 76' lang='lat' dir='ltr'><strong>faciens</strong></span> <span class='ocrx_word' id='word_1_150' title='bbox 1560 1102 1712 1145; x_wconf 83' lang='lat' dir='ltr'><strong>incidit</strong></span> <span class='ocrx_word' id='word_1_151' title='bbox 1737 1101 1782 1145; x_wconf 88' lang='lat' dir='ltr'><strong>in</strong></span> <span class='ocrx_word' id='word_1_152' title='bbox 1809 1102 1920 1145; x_wconf 82' lang='lat' dir='ltr'><strong>lianc</strong></span> <span class='ocrx_word' id='word_1_153' title='bbox 1954 1114 2065 1155; x_wconf 90' lang='lat' dir='ltr'><strong>rem,</strong></span> <span class='ocrx_word' id='word_1_154' title='bbox 2110 1104 2195 1148; x_wconf 85' lang='lat' dir='ltr'><strong>iam</strong></span> <span class='ocrx_word' id='word_1_155' title='bbox 2230 1105 2335 1149; x_wconf 81' lang='lat' dir='ltr'><strong>ima—</strong></span> <span class='ocrx_word' id='word_1_156' title='bbox 2389 1091 2391 1093; x_wconf 36' lang='grc'><strong>’</strong></span> 
     </span>
     <span class='ocr_line' id='line_1_14' title="bbox 143 1168 2345 1242; baseline 0.003 -21"><span class='ocrx_word' id='word_1_157' title='bbox 143 1179 242 1232; x_wconf 85' lang='lat' dir='ltr'><strong>gine</strong></span> <span class='ocrx_word' id='word_1_158' title='bbox 281 1180 363 1222; x_wconf 91' lang='lat' dir='ltr'><strong>sibi</strong></span> <span class='ocrx_word' id='word_1_159' title='bbox 401 1180 648 1233; x_wconf 89' lang='lat' dir='ltr'><strong>gratissima</strong></span> <span class='ocrx_word' id='word_1_160' title='bbox 683 1181 745 1223; x_wconf 88' lang='lat' dir='ltr'><strong>ita</strong></span> <span class='ocrx_word' id='word_1_161' title='bbox 783 1181 919 1235; x_wconf 83' lang='lat' dir='ltr'><strong>abripi</strong></span> <span class='ocrx_word' id='word_1_162' title='bbox 956 1181 1161 1242; x_wconf 82' lang='lat' dir='ltr'><strong>dicendus</strong></span> <span class='ocrx_word' id='word_1_163' title='bbox 1199 1184 1280 1232; x_wconf 88' lang='lat' dir='ltr'><strong>est,</strong></span> <span class='ocrx_word' id='word_1_164' title='bbox 1323 1184 1373 1223; x_wconf 92' lang='lat' dir='ltr'><strong>ut</strong></span> <span class='ocrx_word' id='word_1_165' title='bbox 1398 1181 1488 1223; x_wconf 82' lang='lat' dir='ltr'><strong>veri</strong></span> <span class='ocrx_word' id='word_1_166' title='bbox 1525 1192 1670 1224; x_wconf 87' lang='lat' dir='ltr'><strong>rerum</strong></span> <span class='ocrx_word' id='word_1_167' title='bbox 1702 1184 1845 1224; x_wconf 87' lang='lat' dir='ltr'><strong>status</strong></span> <span class='ocrx_word' id='word_1_168' title='bbox 1884 1192 2060 1233; x_wconf 89' lang='lat' dir='ltr'><strong>prorsus</strong></span> <span class='ocrx_word' id='word_1_169' title='bbox 2100 1183 2258 1235; x_wconf 89' lang='lat' dir='ltr'><strong>oblitus</strong></span> <span class='ocrx_word' id='word_1_170' title='bbox 2285 1168 2345 1227; x_wconf 74' lang='lat' dir='ltr'><strong>ne</strong></span> 
     </span>
     <span class='ocr_line' id='line_1_15' title="bbox 144 1256 2333 1314; baseline 0.002 -16"><span class='ocrx_word' id='word_1_171' title='bbox 144 1269 247 1299; x_wconf 87' lang='lat' dir='ltr'><strong>vera</strong></span> <span class='ocrx_word' id='word_1_172' title='bbox 275 1269 371 1299; x_wconf 91' lang='lat' dir='ltr'><strong>cum</strong></span> <span class='ocrx_word' id='word_1_173' title='bbox 399 1258 537 1309; x_wconf 84' lang='lat' dir='ltr'><strong>Delia,</strong></span> <span class='ocrx_word' id='word_1_174' title='bbox 568 1271 678 1312; x_wconf 87' lang='lat' dir='ltr'><strong>quae</strong></span> <span class='ocrx_word' id='word_1_175' title='bbox 707 1258 900 1311; x_wconf 89' lang='lat' dir='ltr'><strong>coniugis</strong></span> <span class='ocrx_word' id='word_1_176' title='bbox 930 1258 1060 1301; x_wconf 88' lang='lat' dir='ltr'><strong>aedes</strong></span> <span class='ocrx_word' id='word_1_177' title='bbox 1087 1257 1322 1310; x_wconf 87' lang='lat' dir='ltr'><strong>reliquerit,</strong></span> <span class='ocrx_word' id='word_1_178' title='bbox 1351 1269 1430 1311; x_wconf 86' lang='lat' dir='ltr'><strong>per</strong></span> <span class='ocrx_word' id='word_1_179' title='bbox 1447 1257 1539 1301; x_wconf 77' lang='lat' dir='ltr'><strong>vias</strong></span> <span class='ocrx_word' id='word_1_180' title='bbox 1568 1256 1716 1311; x_wconf 86' lang='lat' dir='ltr'><strong>fugere</strong></span> <span class='ocrx_word' id='word_1_181' title='bbox 1744 1258 1826 1301; x_wconf 89' lang='lat' dir='ltr'><strong>sibi</strong></span> <span class='ocrx_word' id='word_1_182' title='bbox 1845 1258 2042 1301; x_wconf 88' lang='lat' dir='ltr'><strong>videatur</strong></span> <span class='ocrx_word' id='word_1_183' title='bbox 2061 1263 2106 1302; x_wconf 89' lang='lat' dir='ltr'><strong>et</strong></span> <span class='ocrx_word' id='word_1_184' title='bbox 2131 1259 2333 1314; x_wconf 56' lang='lat' dir='ltr'><strong>loquatur</strong></span> 
     </span>
     <span class='ocr_line' id='line_1_16' title="bbox 142 1334 2335 1390; baseline 0.002 -14"><span class='ocrx_word' id='word_1_185' title='bbox 142 1338 348 1387; x_wconf 88' lang='lat' dir='ltr'><strong>tanquam</strong></span> <span class='ocrx_word' id='word_1_186' title='bbox 388 1346 484 1377; x_wconf 90' lang='lat' dir='ltr'><strong>cum</strong></span> <span class='ocrx_word' id='word_1_187' title='bbox 521 1335 666 1388; x_wconf 91' lang='lat' dir='ltr'><strong>puella</strong></span> <span class='ocrx_word' id='word_1_188' title='bbox 702 1335 746 1377; x_wconf 90' lang='lat' dir='ltr'><strong>in</strong></span> <span class='ocrx_word' id='word_1_189' title='bbox 782 1336 850 1377; x_wconf 87' lang='lat' dir='ltr'><strong>via</strong></span> <span class='ocrx_word' id='word_1_190' title='bbox 876 1339 1083 1378; x_wconf 82' lang='lat' dir='ltr'><strong>versetur.</strong></span> <span class='ocrx_word' id='word_1_191' title='bbox 1140 1334 1200 1377; x_wconf 86' lang='lat' dir='ltr'><strong>Et</strong></span> <span class='ocrx_word' id='word_1_192' title='bbox 1237 1346 1341 1377; x_wconf 88' lang='lat' dir='ltr'><strong>sane</strong></span> <span class='ocrx_word' id='word_1_193' title='bbox 1380 1334 1443 1378; x_wconf 78' lang='lat' dir='ltr'><strong>ita</strong></span> <span class='ocrx_word' id='word_1_194' title='bbox 1479 1334 1606 1387; x_wconf 84' lang='lat' dir='ltr'><strong>plan&#39;e</strong></span> <span class='ocrx_word' id='word_1_195' title='bbox 1642 1334 1853 1388; x_wconf 87' lang='lat' dir='ltr'><strong>loquitur:</strong></span> <span class='ocrx_word' id='word_1_196' title='bbox 1897 1336 2042 1388; x_wconf 80' lang='lat' dir='ltr'><strong>,anxie</strong></span> <span class='ocrx_word' id='word_1_197' title='bbox 2069 1337 2253 1390; x_wconf 82' lang='lat' dir='ltr'><strong>primum</strong></span> <span class='ocrx_word' id='word_1_198' title='bbox 2279 1350 2335 1381; x_wconf 78' lang='lat' dir='ltr'><strong>ne</strong></span> 
     </span>
     <span class='ocr_line' id='line_1_17' title="bbox 141 1410 2333 1467; baseline 0.002 -14"><span class='ocrx_word' id='word_1_199' title='bbox 141 1411 240 1464; x_wconf 88' lang='lat' dir='ltr'><strong>quis</strong></span> <span class='ocrx_word' id='word_1_200' title='bbox 269 1423 317 1454; x_wconf 90' lang='lat' dir='ltr'><strong>se</strong></span> <span class='ocrx_word' id='word_1_201' title='bbox 346 1415 392 1454; x_wconf 89' lang='lat' dir='ltr'><strong>et</strong></span> <span class='ocrx_word' id='word_1_202' title='bbox 418 1411 535 1454; x_wconf 91' lang='lat' dir='ltr'><strong>illam</strong></span> <span class='ocrx_word' id='word_1_203' title='bbox 555 1412 659 1456; x_wconf 85' lang='lat' dir='ltr'><strong>velit</strong></span> <span class='ocrx_word' id='word_1_204' title='bbox 685 1424 941 1465; x_wconf 84' lang='lat' dir='ltr'><strong>cognoscere</strong></span> <span class='ocrx_word' id='word_1_205' title='bbox 969 1415 1125 1464; x_wconf 88' lang='lat' dir='ltr'><strong>monet,</strong></span> <span class='ocrx_word' id='word_1_206' title='bbox 1154 1424 1239 1455; x_wconf 91' lang='lat' dir='ltr'><strong>neu</strong></span> <span class='ocrx_word' id='word_1_207' title='bbox 1267 1412 1364 1466; x_wconf 89' lang='lat' dir='ltr'><strong>quis</strong></span> <span class='ocrx_word' id='word_1_208' title='bbox 1392 1415 1555 1456; x_wconf 85' lang='lat' dir='ltr'><strong>terreat</strong></span> <span class='ocrx_word' id='word_1_209' title='bbox 1574 1410 1809 1466; x_wconf 88' lang='lat' dir='ltr'><strong>(puellam),</strong></span> <span class='ocrx_word' id='word_1_210' title='bbox 1839 1412 2035 1466; x_wconf 84' lang='lat' dir='ltr'><strong>denique,</strong></span> <span class='ocrx_word' id='word_1_211' title='bbox 2066 1413 2103 1456; x_wconf 92' lang='lat' dir='ltr'><strong>si</strong></span> <span class='ocrx_word' id='word_1_212' title='bbox 2132 1413 2228 1467; x_wconf 89' lang='lat' dir='ltr'><strong>quis</strong></span> <span class='ocrx_word' id='word_1_213' title='bbox 2258 1414 2333 1458; x_wconf 77' lang='lat' dir='ltr'><strong>ad-</strong></span> 
     </span>
     <span class='ocr_line' id='line_1_18' title="bbox 145 1489 2334 1544; baseline -0 -13"><span class='ocrx_word' id='word_1_214' title='bbox 145 1490 352 1542; x_wconf 86' lang='lat' dir='ltr'><strong>spexerit,</strong></span> <span class='ocrx_word' id='word_1_215' title='bbox 394 1502 448 1532; x_wconf 89' lang='lat' dir='ltr'><strong>ne</strong></span> <span class='ocrx_word' id='word_1_216' title='bbox 479 1491 538 1532; x_wconf 89' lang='lat' dir='ltr'><strong>sit</strong></span> <span class='ocrx_word' id='word_1_217' title='bbox 564 1490 734 1544; x_wconf 89' lang='lat' dir='ltr'><strong>loquax.</strong></span> <span class='ocrx_word' id='word_1_218' title='bbox 791 1490 923 1532; x_wconf 90' lang='lat' dir='ltr'><strong>Porro</strong></span> <span class='ocrx_word' id='word_1_219' title='bbox 962 1490 1113 1532; x_wconf 90' lang='lat' dir='ltr'><strong>sedato</strong></span> <span class='ocrx_word' id='word_1_220' title='bbox 1152 1489 1374 1543; x_wconf 82' lang='lat' dir='ltr'><strong>paullatim</strong></span> <span class='ocrx_word' id='word_1_221' title='bbox 1411 1489 1554 1533; x_wconf 75' lang='lat' dir='ltr'><strong>animo</strong></span> <span class='ocrx_word' id='word_1_222' title='bbox 1592 1490 1647 1531; x_wconf 88' lang='lat' dir='ltr'><strong>ad</strong></span> <span class='ocrx_word' id='word_1_223' title='bbox 1675 1490 1843 1533; x_wconf 92' lang='lat' dir='ltr'><strong>Deliam</strong></span> <span class='ocrx_word' id='word_1_224' title='bbox 1872 1503 1919 1533; x_wconf 90' lang='lat' dir='ltr'><strong>se</strong></span> <span class='ocrx_word' id='word_1_225' title='bbox 1948 1491 2159 1533; x_wconf 85' lang='lat' dir='ltr'><strong>convertit</strong></span> <span class='ocrx_word' id='word_1_226' title='bbox 2187 1504 2334 1535; x_wconf 63' lang='lat' dir='ltr'><strong>narra,</strong></span> 
     </span>
     <span class='ocr_line' id='line_1_19' title="bbox 143 1566 1763 1621; baseline 0 -12"><span class='ocrx_word' id='word_1_227' title='bbox 143 1571 268 1610; x_wconf 86' lang='lat' dir='ltr'><strong>turus</strong></span> <span class='ocrx_word' id='word_1_228' title='bbox 297 1578 408 1620; x_wconf 90' lang='lat' dir='ltr'><strong>quae</strong></span> <span class='ocrx_word' id='word_1_229' title='bbox 438 1567 526 1610; x_wconf 90' lang='lat' dir='ltr'><strong>sint</strong></span> <span class='ocrx_word' id='word_1_230' title='bbox 552 1568 725 1621; x_wconf 85' lang='lat' dir='ltr'><strong>provisa</strong></span> <span class='ocrx_word' id='word_1_231' title='bbox 751 1568 805 1611; x_wconf 89' lang='lat' dir='ltr'><strong>ab</strong></span> <span class='ocrx_word' id='word_1_232' title='bbox 833 1568 940 1621; x_wconf 91' lang='lat' dir='ltr'><strong>ipso,</strong></span> <span class='ocrx_word' id='word_1_233' title='bbox 971 1579 1026 1610; x_wconf 86' lang='lat' dir='ltr'><strong>ne</strong></span> <span class='ocrx_word' id='word_1_234' title='bbox 1054 1566 1157 1620; x_wconf 91' lang='lat' dir='ltr'><strong>quid</strong></span> <span class='ocrx_word' id='word_1_235' title='bbox 1185 1566 1359 1611; x_wconf 88' lang='lat' dir='ltr'><strong>credere</strong></span> <span class='ocrx_word' id='word_1_236' title='bbox 1387 1566 1532 1620; x_wconf 76' lang='lat' dir='ltr'><strong>possit</strong></span> <span class='ocrx_word' id='word_1_237' title='bbox 1554 1567 1763 1610; x_wconf 85' lang='lat' dir='ltr'><strong>coniunx‘.</strong></span> 
     </span>
    </p>

    <p class='ocr_par' dir='ltr' id='par_1_6' title="bbox 309 1644 2241 1700">
     <span class='ocr_line' id='line_1_20' title="bbox 309 1644 2241 1700; baseline 0 -12"><span class='ocrx_word' id='word_1_238' title='bbox 309 1645 393 1688; x_wconf 89' lang='lat' dir='ltr'><strong>Sed</strong></span> <span class='ocrx_word' id='word_1_239' title='bbox 421 1646 605 1699; x_wconf 90' lang='lat' dir='ltr'><strong>primum</strong></span> <span class='ocrx_word' id='word_1_240' title='bbox 632 1646 776 1700; x_wconf 89' lang='lat' dir='ltr'><strong>paullo</strong></span> <span class='ocrx_word' id='word_1_241' title='bbox 804 1645 1048 1699; x_wconf 90' lang='lat' dir='ltr'><strong>diligentius</strong></span> <span class='ocrx_word' id='word_1_242' title='bbox 1074 1646 1294 1688; x_wconf 87' lang='lat' dir='ltr'><strong>videamus</strong></span> <span class='ocrx_word' id='word_1_243' title='bbox 1322 1644 1524 1698; x_wconf 84' lang='lat' dir='ltr'><strong>quidnam</strong></span> <span class='ocrx_word' id='word_1_244' title='bbox 1551 1645 1821 1688; x_wconf 87' lang='lat' dir='ltr'><strong>contineatur</strong></span> <span class='ocrx_word' id='word_1_245' title='bbox 1846 1645 2134 1689; x_wconf 71' lang='lat' dir='ltr'><strong>versibus-31.</strong></span> <span class='ocrx_word' id='word_1_246' title='bbox 2164 1647 2241 1689; x_wconf 80' lang='lat'><strong>32:</strong></span> 
     </span>
    </p>

    <p class='ocr_par' dir='ltr' id='par_1_7' title="bbox 645 1717 2143 1854">
     <span class='ocr_line' id='line_1_21' title="bbox 645 1717 2143 1776; baseline 0 -10"><span class='ocrx_word' id='word_1_247' title='bbox 645 1724 742 1766; x_wconf 91' lang='lat' dir='ltr'><strong>Non</strong></span> <span class='ocrx_word' id='word_1_248' title='bbox 771 1724 892 1766; x_wconf 91' lang='lat' dir='ltr'><strong>labor</strong></span> <span class='ocrx_word' id='word_1_249' title='bbox 919 1724 989 1766; x_wconf 92' lang='lat' dir='ltr'><strong>hic</strong></span> <span class='ocrx_word' id='word_1_250' title='bbox 1016 1723 1162 1774; x_wconf 91' lang='lat' dir='ltr'><strong>laedit,</strong></span> <span class='ocrx_word' id='word_1_251' title='bbox 1191 1727 1358 1766; x_wconf 89' lang='lat' dir='ltr'><strong>reseret</strong></span> <span class='ocrx_word' id='word_1_252' title='bbox 1385 1723 1511 1765; x_wconf 91' lang='lat' dir='ltr'><strong>modo</strong></span> <span class='ocrx_word' id='word_1_253' title='bbox 1540 1722 1666 1766; x_wconf 88' lang='lat' dir='ltr'><strong>Delia</strong></span> <span class='ocrx_word' id='word_1_254' title='bbox 1693 1727 1842 1776; x_wconf 89' lang='lat' dir='ltr'><strong>postes</strong></span> <span class='ocrx_word' id='word_1_255' title='bbox 2140 1717 2143 1720; x_wconf 60' lang='grc'>’</span> 
     </span>
     <span class='ocr_line' id='line_1_22' title="bbox 747 1800 1710 1854; baseline -0.001 -10"><span class='ocrx_word' id='word_1_256' title='bbox 747 1805 792 1844; x_wconf 89' lang='lat' dir='ltr'><strong>et</strong></span> <span class='ocrx_word' id='word_1_257' title='bbox 819 1804 943 1845; x_wconf 89' lang='lat' dir='ltr'><strong>vocet</strong></span> <span class='ocrx_word' id='word_1_258' title='bbox 969 1801 1025 1845; x_wconf 90' lang='lat' dir='ltr'><strong>ad</strong></span> <span class='ocrx_word' id='word_1_259' title='bbox 1054 1801 1177 1854; x_wconf 89' lang='lat' dir='ltr'><strong>digiti</strong></span> <span class='ocrx_word' id='word_1_260' title='bbox 1205 1813 1273 1844; x_wconf 92' lang='lat' dir='ltr'><strong>me</strong></span> <span class='ocrx_word' id='word_1_261' title='bbox 1301 1800 1517 1844; x_wconf 84' lang='lat' dir='ltr'><strong>taciturna</strong></span> <span class='ocrx_word' id='word_1_262' title='bbox 1545 1812 1710 1845; x_wconf 86' lang='lat' dir='ltr'><strong>sonum.</strong></span> 
     </span>
    </p>

    <p class='ocr_par' dir='ltr' id='par_1_8' title="bbox 138 1877 2335 2711">
     <span class='ocr_line' id='line_1_23' title="bbox 142 1877 2333 1932; baseline 0.001 -11"><span class='ocrx_word' id='word_1_263' title='bbox 142 1878 356 1931; x_wconf 86' lang='lat' dir='ltr'><strong>Congredi</strong></span> <span class='ocrx_word' id='word_1_264' title='bbox 395 1889 490 1921; x_wconf 90' lang='lat' dir='ltr'><strong>cum</strong></span> <span class='ocrx_word' id='word_1_265' title='bbox 529 1878 654 1922; x_wconf 89' lang='lat' dir='ltr'><strong>Delia</strong></span> <span class='ocrx_word' id='word_1_266' title='bbox 691 1878 806 1921; x_wconf 83' lang='lat' dir='ltr'><strong>baud</strong></span> <span class='ocrx_word' id='word_1_267' title='bbox 845 1878 972 1922; x_wconf 91' lang='lat' dir='ltr'><strong>dubie</strong></span> <span class='ocrx_word' id='word_1_268' title='bbox 1010 1881 1133 1931; x_wconf 90' lang='lat' dir='ltr'><strong>optat</strong></span> <span class='ocrx_word' id='word_1_269' title='bbox 1161 1878 1261 1921; x_wconf 89' lang='lat' dir='ltr'><strong>dum</strong></span> <span class='ocrx_word' id='word_1_270' title='bbox 1288 1882 1522 1922; x_wconf 86' lang='lat' dir='ltr'><strong>nocturnas</strong></span> <span class='ocrx_word' id='word_1_271' title='bbox 1549 1877 1770 1922; x_wconf 85' lang='lat' dir='ltr'><strong>molestias</strong></span> <span class='ocrx_word' id='word_1_272' title='bbox 1798 1878 1971 1932; x_wconf 84' lang='lat' dir='ltr'><strong>perfert.</strong></span> <span class='ocrx_word' id='word_1_273' title='bbox 2031 1879 2117 1922; x_wconf 89' lang='lat' dir='ltr'><strong>Sed</strong></span> <span class='ocrx_word' id='word_1_274' title='bbox 2146 1879 2333 1924; x_wconf 89' lang='lat' dir='ltr'><strong>dubitari</strong></span> 
     </span>
     <span class='ocr_line' id='line_1_24' title="bbox 138 1955 2333 2010; baseline 0.001 -12"><span class='ocrx_word' id='word_1_275' title='bbox 138 1956 297 2009; x_wconf 86' lang='lat' dir='ltr'><strong>possit,</strong></span> <span class='ocrx_word' id='word_1_276' title='bbox 327 1959 471 1998; x_wconf 91' lang='lat' dir='ltr'><strong>utrum</strong></span> <span class='ocrx_word' id='word_1_277' title='bbox 499 1956 560 1998; x_wconf 91' lang='lat' dir='ltr'><strong>ita</strong></span> <span class='ocrx_word' id='word_1_278' title='bbox 588 1960 638 1998; x_wconf 93' lang='lat' dir='ltr'><strong>ut</strong></span> <span class='ocrx_word' id='word_1_279' title='bbox 666 1956 911 2009; x_wconf 86' lang='lat' dir='ltr'><strong>egrediatur</strong></span> <span class='ocrx_word' id='word_1_280' title='bbox 939 1959 984 1998; x_wconf 89' lang='lat' dir='ltr'><strong>et</strong></span> <span class='ocrx_word' id='word_1_281' title='bbox 1011 1967 1158 1998; x_wconf 89' lang='lat' dir='ltr'><strong>secum</strong></span> <span class='ocrx_word' id='word_1_282' title='bbox 1185 1955 1378 2009; x_wconf 73' lang='lat' dir='ltr'><strong>aufugiat</strong></span> <span class='ocrx_word' id='word_1_283' title='bbox 1405 1955 1542 2007; x_wconf 83' lang='lat' dir='ltr'><strong>Delia,</strong></span> <span class='ocrx_word' id='word_1_284' title='bbox 1575 1967 1630 1997; x_wconf 85' lang='lat' dir='ltr'><strong>an</strong></span> <span class='ocrx_word' id='word_1_285' title='bbox 1660 1955 1724 1998; x_wconf 83' lang='lat' dir='ltr'><strong>ita</strong></span> <span class='ocrx_word' id='word_1_286' title='bbox 1751 1960 1801 1997; x_wconf 90' lang='lat' dir='ltr'><strong>ut</strong></span> <span class='ocrx_word' id='word_1_287' title='bbox 1829 1956 1923 2010; x_wconf 88' lang='lat' dir='ltr'><strong>ipse</strong></span> <span class='ocrx_word' id='word_1_288' title='bbox 1953 1957 2008 1998; x_wconf 90' lang='lat' dir='ltr'><strong>ad</strong></span> <span class='ocrx_word' id='word_1_289' title='bbox 2035 1956 2152 1999; x_wconf 90' lang='lat' dir='ltr'><strong>illam</strong></span> <span class='ocrx_word' id='word_1_290' title='bbox 2180 1957 2333 2000; x_wconf 86' lang='lat' dir='ltr'><strong>admit-</strong></span> 
     </span>
     <span class='ocr_line' id='line_1_25' title="bbox 141 2033 2333 2087; baseline 0 -10"><span class='ocrx_word' id='word_1_291' title='bbox 141 2039 272 2077; x_wconf 87' lang='lat' dir='ltr'><strong>tatur.</strong></span> <span class='ocrx_word' id='word_1_292' title='bbox 333 2035 427 2085; x_wconf 87' lang='lat' dir='ltr'><strong>Qua</strong></span> <span class='ocrx_word' id='word_1_293' title='bbox 456 2034 509 2075; x_wconf 91' lang='lat' dir='ltr'><strong>de</strong></span> <span class='ocrx_word' id='word_1_294' title='bbox 538 2046 585 2076; x_wconf 90' lang='lat' dir='ltr'><strong>re</strong></span> <span class='ocrx_word' id='word_1_295' title='bbox 615 2034 910 2076; x_wconf 88' lang='lat' dir='ltr'><strong>dubitantibus</strong></span> <span class='ocrx_word' id='word_1_296' title='bbox 940 2045 1025 2075; x_wconf 88' lang='lat' dir='ltr'><strong>non</strong></span> <span class='ocrx_word' id='word_1_297' title='bbox 1053 2034 1344 2086; x_wconf 87' lang='lat' dir='ltr'><strong>quaerendum</strong></span> <span class='ocrx_word' id='word_1_298' title='bbox 1371 2037 1441 2075; x_wconf 89' lang='lat' dir='ltr'><strong>est</strong></span> <span class='ocrx_word' id='word_1_299' title='bbox 1467 2033 1583 2085; x_wconf 92' lang='lat' dir='ltr'><strong>quod</strong></span> <span class='ocrx_word' id='word_1_300' title='bbox 1619 2034 1677 2075; x_wconf 91' lang='lat' dir='ltr'><strong>sit</strong></span> <span class='ocrx_word' id='word_1_301' title='bbox 1703 2045 1782 2087; x_wconf 88' lang='lat' dir='ltr'><strong>per</strong></span> <span class='ocrx_word' id='word_1_302' title='bbox 1808 2037 1947 2076; x_wconf 91' lang='lat' dir='ltr'><strong>totum</strong></span> <span class='ocrx_word' id='word_1_303' title='bbox 1975 2045 2146 2084; x_wconf 86' lang='lat' dir='ltr'><strong>carmen</strong></span> <span class='ocrx_word' id='word_1_304' title='bbox 2176 2035 2333 2077; x_wconf 91' lang='lat' dir='ltr'><strong>Tibulli</strong></span> 
     </span>
     <span class='ocr_line' id='line_1_26' title="bbox 142 2109 2333 2163; baseline 0.001 -10"><span class='ocrx_word' id='word_1_305' title='bbox 142 2111 387 2154; x_wconf 90' lang='lat' dir='ltr'><strong>consilium:</strong></span> <span class='ocrx_word' id='word_1_306' title='bbox 431 2122 531 2152; x_wconf 92' lang='lat' dir='ltr'><strong>nam</strong></span> <span class='ocrx_word' id='word_1_307' title='bbox 561 2110 614 2153; x_wconf 89' lang='lat' dir='ltr'><strong>de</strong></span> <span class='ocrx_word' id='word_1_308' title='bbox 644 2123 695 2153; x_wconf 91' lang='lat' dir='ltr'><strong>eo</strong></span> <span class='ocrx_word' id='word_1_309' title='bbox 725 2110 903 2153; x_wconf 91' lang='lat' dir='ltr'><strong>consilio</strong></span> <span class='ocrx_word' id='word_1_310' title='bbox 931 2109 999 2152; x_wconf 91' lang='lat' dir='ltr'><strong>his</strong></span> <span class='ocrx_word' id='word_1_311' title='bbox 1028 2109 1224 2154; x_wconf 87' lang='lat' dir='ltr'><strong>versibus</strong></span> <span class='ocrx_word' id='word_1_312' title='bbox 1252 2122 1339 2153; x_wconf 91' lang='lat' dir='ltr'><strong>non</strong></span> <span class='ocrx_word' id='word_1_313' title='bbox 1366 2109 1519 2162; x_wconf 88' lang='lat' dir='ltr'><strong>agitur,</strong></span> <span class='ocrx_word' id='word_1_314' title='bbox 1563 2109 1637 2163; x_wconf 92' lang='lat' dir='ltr'><strong>qui</strong></span> <span class='ocrx_word' id='word_1_315' title='bbox 1665 2110 1708 2153; x_wconf 88' lang='lat' dir='ltr'><strong>in</strong></span> <span class='ocrx_word' id='word_1_316' title='bbox 1737 2109 1981 2153; x_wconf 89' lang='lat' dir='ltr'><strong>universum</strong></span> <span class='ocrx_word' id='word_1_317' title='bbox 2019 2110 2122 2153; x_wconf 90' lang='lat' dir='ltr'><strong>dicti</strong></span> <span class='ocrx_word' id='word_1_318' title='bbox 2151 2114 2253 2154; x_wconf 91' lang='lat' dir='ltr'><strong>sunt</strong></span> <span class='ocrx_word' id='word_1_319' title='bbox 2280 2111 2333 2155; x_wconf 94' lang='lat' dir='ltr'><strong>de</strong></span> 
     </span>
     <span class='ocr_line' id='line_1_27' title="bbox 141 2187 2332 2253; baseline 0 -21"><span class='ocrx_word' id='word_1_320' title='bbox 141 2201 217 2244; x_wconf 88' lang='lat' dir='ltr'><strong>spe</strong></span> <span class='ocrx_word' id='word_1_321' title='bbox 246 2188 430 2242; x_wconf 87' lang='lat' dir='ltr'><strong>quadam</strong></span> <span class='ocrx_word' id='word_1_322' title='bbox 459 2200 569 2242; x_wconf 89' lang='lat' dir='ltr'><strong>quae</strong></span> <span class='ocrx_word' id='word_1_323' title='bbox 599 2188 770 2243; x_wconf 88' lang='lat' dir='ltr'><strong>saepius</strong></span> <span class='ocrx_word' id='word_1_324' title='bbox 800 2187 984 2231; x_wconf 84' lang='lat' dir='ltr'><strong>erexerit</strong></span> <span class='ocrx_word' id='word_1_325' title='bbox 1010 2187 1146 2241; x_wconf 86' lang='lat' dir='ltr'><strong>frigus</strong></span> <span class='ocrx_word' id='word_1_326' title='bbox 1175 2191 1221 2231; x_wconf 90' lang='lat' dir='ltr'><strong>et</strong></span> <span class='ocrx_word' id='word_1_327' title='bbox 1248 2187 1406 2231; x_wconf 90' lang='lat' dir='ltr'><strong>imbres</strong></span> <span class='ocrx_word' id='word_1_328' title='bbox 1444 2187 1691 2240; x_wconf 87' lang='lat' dir='ltr'><strong>patientem.</strong></span> <span class='ocrx_word' id='word_1_329' title='bbox 1750 2187 1923 2253; x_wconf 85' lang='lat' dir='ltr'><strong>Nullum</strong></span> <span class='ocrx_word' id='word_1_330' title='bbox 1960 2188 2091 2242; x_wconf 86' lang='lat' dir='ltr'><strong>igitur</strong></span> <span class='ocrx_word' id='word_1_331' title='bbox 2126 2188 2332 2233; x_wconf 89' lang='lat' dir='ltr'><strong>habemus</strong></span> 
     </span>
     <span class='ocr_line' id='line_1_28' title="bbox 140 2264 2335 2320; baseline 0.001 -11"><span class='ocrx_word' id='word_1_332' title='bbox 140 2267 305 2311; x_wconf 83' lang='lat' dir='ltr'><strong>fontem</strong></span> <span class='ocrx_word' id='word_1_333' title='bbox 333 2266 447 2309; x_wconf 90' lang='lat' dir='ltr'><strong>unde</strong></span> <span class='ocrx_word' id='word_1_334' title='bbox 477 2267 579 2320; x_wconf 91' lang='lat' dir='ltr'><strong>quid</strong></span> <span class='ocrx_word' id='word_1_335' title='bbox 607 2265 712 2309; x_wconf 90' lang='lat' dir='ltr'><strong>velit</strong></span> <span class='ocrx_word' id='word_1_336' title='bbox 740 2277 1047 2319; x_wconf 88' lang='lat' dir='ltr'><strong>cognoscamus</strong></span> <span class='ocrx_word' id='word_1_337' title='bbox 1076 2269 1249 2319; x_wconf 88' lang='lat' dir='ltr'><strong>praeter</strong></span> <span class='ocrx_word' id='word_1_338' title='bbox 1276 2265 1372 2318; x_wconf 90' lang='lat' dir='ltr'><strong>ipsa</strong></span> <span class='ocrx_word' id='word_1_339' title='bbox 1399 2264 1552 2308; x_wconf 87' lang='lat' dir='ltr'><strong>horum</strong></span> <span class='ocrx_word' id='word_1_340' title='bbox 1579 2276 1780 2309; x_wconf 91' lang='lat' dir='ltr'><strong>versuum</strong></span> <span class='ocrx_word' id='word_1_341' title='bbox 1796 2266 1937 2318; x_wconf 88' lang='lat' dir='ltr'><strong>verba,</strong></span> <span class='ocrx_word' id='word_1_342' title='bbox 1968 2278 2078 2319; x_wconf 88' lang='lat' dir='ltr'><strong>quae</strong></span> <span class='ocrx_word' id='word_1_343' title='bbox 2094 2266 2335 2320; x_wconf 79' lang='lat' dir='ltr'><strong>diligenter</strong></span> 
     </span>
     <span class='ocr_line' id='line_1_29' title="bbox 144 2343 2334 2399; baseline 0.001 -12"><span class='ocrx_word' id='word_1_344' title='bbox 144 2345 267 2389; x_wconf 91' lang='lat' dir='ltr'><strong>nobis</strong></span> <span class='ocrx_word' id='word_1_345' title='bbox 306 2344 618 2388; x_wconf 86' lang='lat' dir='ltr'><strong>consideranda</strong></span> <span class='ocrx_word' id='word_1_346' title='bbox 656 2346 768 2388; x_wconf 88' lang='lat' dir='ltr'><strong>sunt.</strong></span> <span class='ocrx_word' id='word_1_347' title='bbox 842 2343 933 2386; x_wconf 90' lang='lat' dir='ltr'><strong>Iam</strong></span> <span class='ocrx_word' id='word_1_348' title='bbox 971 2356 1066 2387; x_wconf 93' lang='lat' dir='ltr'><strong>cum</strong></span> <span class='ocrx_word' id='word_1_349' title='bbox 1104 2343 1312 2399; x_wconf 90' lang='lat' dir='ltr'><strong>quidquid</strong></span> <span class='ocrx_word' id='word_1_350' title='bbox 1350 2355 1397 2386; x_wconf 88' lang='lat' dir='ltr'><strong>se</strong></span> <span class='ocrx_word' id='word_1_351' title='bbox 1435 2343 1526 2398; x_wconf 88' lang='lat' dir='ltr'><strong>pati</strong></span> <span class='ocrx_word' id='word_1_352' title='bbox 1562 2343 1679 2386; x_wconf 87' lang='lat' dir='ltr'><strong>dicat</strong></span> <span class='ocrx_word' id='word_1_353' title='bbox 1715 2343 1841 2388; x_wconf 87' lang='lat' dir='ltr'><strong>modo</strong></span> <span class='ocrx_word' id='word_1_354' title='bbox 1878 2347 2126 2387; x_wconf 85' lang='lat' dir='ltr'><strong>reserentur</strong></span> <span class='ocrx_word' id='word_1_355' title='bbox 2166 2343 2334 2397; x_wconf 79' lang='lat' dir='ltr'><strong>puellae</strong></span> 
     </span>
     <span class='ocr_line' id='line_1_30' title="bbox 138 2420 2335 2478; baseline -0.001 -11"><span class='ocrx_word' id='word_1_356' title='bbox 138 2426 307 2478; x_wconf 89' lang='lat' dir='ltr'><strong>postes,</strong></span> <span class='ocrx_word' id='word_1_357' title='bbox 347 2422 475 2467; x_wconf 91' lang='lat' dir='ltr'><strong>modo</strong></span> <span class='ocrx_word' id='word_1_358' title='bbox 504 2426 681 2466; x_wconf 83' lang='lat' dir='ltr'><strong>vocetur</strong></span> <span class='ocrx_word' id='word_1_359' title='bbox 709 2435 735 2466; x_wconf 91' lang='lat' dir='ltr'><strong>a</strong></span> <span class='ocrx_word' id='word_1_360' title='bbox 762 2421 924 2477; x_wconf 91' lang='lat' dir='ltr'><strong>puella,</strong></span> <span class='ocrx_word' id='word_1_361' title='bbox 964 2422 1060 2476; x_wconf 90' lang='lat' dir='ltr'><strong>quis</strong></span> <span class='ocrx_word' id='word_1_362' title='bbox 1098 2422 1271 2465; x_wconf 82' lang='lat' dir='ltr'><strong>tandem</strong></span> <span class='ocrx_word' id='word_1_363' title='bbox 1310 2433 1362 2465; x_wconf 85' lang='lat' dir='ltr'><strong>ex</strong></span> <span class='ocrx_word' id='word_1_364' title='bbox 1398 2421 1466 2465; x_wconf 88' lang='lat' dir='ltr'><strong>his</strong></span> <span class='ocrx_word' id='word_1_365' title='bbox 1494 2420 1635 2466; x_wconf 83' lang='lat' dir='ltr'><strong>verbis</strong></span> <span class='ocrx_word' id='word_1_366' title='bbox 1674 2433 1770 2465; x_wconf 89' lang='lat' dir='ltr'><strong>eam</strong></span> <span class='ocrx_word' id='word_1_367' title='bbox 1798 2421 1942 2465; x_wconf 85' lang='lat' dir='ltr'><strong>eliciat</strong></span> <span class='ocrx_word' id='word_1_368' title='bbox 1978 2421 2257 2475; x_wconf 88' lang='lat' dir='ltr'><strong>sententiam,</strong></span> <span class='ocrx_word' id='word_1_369' title='bbox 2284 2425 2335 2465; x_wconf 82' lang='lat' dir='ltr'><strong>ut</strong></span> 
     </span>
     <span class='ocr_line' id='line_1_31' title="bbox 140 2499 2332 2556; baseline 0 -13"><span class='ocrx_word' id='word_1_370' title='bbox 140 2500 342 2556; x_wconf 86' lang='lat' dir='ltr'><strong>progredi</strong></span> <span class='ocrx_word' id='word_1_371' title='bbox 371 2505 416 2543; x_wconf 88' lang='lat' dir='ltr'><strong>et</strong></span> <span class='ocrx_word' id='word_1_372' title='bbox 443 2513 588 2544; x_wconf 91' lang='lat' dir='ltr'><strong>secum</strong></span> <span class='ocrx_word' id='word_1_373' title='bbox 615 2501 765 2554; x_wconf 86' lang='lat' dir='ltr'><strong>fugere</strong></span> <span class='ocrx_word' id='word_1_374' title='bbox 793 2500 961 2543; x_wconf 89' lang='lat' dir='ltr'><strong>Deliam</strong></span> <span class='ocrx_word' id='word_1_375' title='bbox 990 2500 1155 2553; x_wconf 88' lang='lat' dir='ltr'><strong>cupiat,</strong></span> <span class='ocrx_word' id='word_1_376' title='bbox 1200 2511 1286 2542; x_wconf 91' lang='lat' dir='ltr'><strong>non</strong></span> <span class='ocrx_word' id='word_1_377' title='bbox 1323 2504 1374 2542; x_wconf 90' lang='lat' dir='ltr'><strong>ut</strong></span> <span class='ocrx_word' id='word_1_378' title='bbox 1411 2499 1581 2542; x_wconf 89' lang='lat' dir='ltr'><strong>admitti</strong></span> <span class='ocrx_word' id='word_1_379' title='bbox 1607 2500 1711 2543; x_wconf 87' lang='lat' dir='ltr'><strong>velit</strong></span> <span class='ocrx_word' id='word_1_380' title='bbox 1746 2500 1868 2554; x_wconf 79' lang='lat' dir='ltr'><strong>ipse?</strong></span> <span class='ocrx_word' id='word_1_381' title='bbox 1922 2499 2014 2541; x_wconf 91' lang='lat' dir='ltr'><strong>Imo</strong></span> <span class='ocrx_word' id='word_1_382' title='bbox 2053 2499 2168 2541; x_wconf 90' lang='lat' dir='ltr'><strong>haud</strong></span> <span class='ocrx_word' id='word_1_383' title='bbox 2206 2499 2332 2543; x_wconf 90' lang='lat' dir='ltr'><strong>dubie</strong></span> 
     </span>
     <span class='ocr_line' id='line_1_32' title="bbox 144 2577 2334 2632; baseline 0 -12"><span class='ocrx_word' id='word_1_384' title='bbox 144 2579 213 2622; x_wconf 91' lang='lat' dir='ltr'><strong>his</strong></span> <span class='ocrx_word' id='word_1_385' title='bbox 240 2578 435 2622; x_wconf 83' lang='lat' dir='ltr'><strong>versibus</strong></span> <span class='ocrx_word' id='word_1_386' title='bbox 472 2580 614 2632; x_wconf 89' lang='lat' dir='ltr'><strong>agitur</strong></span> <span class='ocrx_word' id='word_1_387' title='bbox 651 2579 705 2622; x_wconf 90' lang='lat' dir='ltr'><strong>de</strong></span> <span class='ocrx_word' id='word_1_388' title='bbox 733 2578 853 2621; x_wconf 89' lang='lat' dir='ltr'><strong>aditu</strong></span> <span class='ocrx_word' id='word_1_389' title='bbox 882 2590 1008 2631; x_wconf 91' lang='lat' dir='ltr'><strong>quem</strong></span> <span class='ocrx_word' id='word_1_390' title='bbox 1038 2582 1183 2631; x_wconf 90' lang='lat' dir='ltr'><strong>speret</strong></span> <span class='ocrx_word' id='word_1_391' title='bbox 1211 2577 1417 2621; x_wconf 85' lang='lat' dir='ltr'><strong>Tibullus.</strong></span> <span class='ocrx_word' id='word_1_392' title='bbox 1475 2577 1614 2630; x_wconf 90' lang='lat' dir='ltr'><strong>Igitur</strong></span> <span class='ocrx_word' id='word_1_393' title='bbox 1641 2592 1696 2622; x_wconf 91' lang='lat' dir='ltr'><strong>ne</strong></span> <span class='ocrx_word' id='word_1_394' title='bbox 1723 2579 1770 2621; x_wconf 92' lang='lat' dir='ltr'><strong>hi</strong></span> <span class='ocrx_word' id='word_1_395' title='bbox 1798 2577 1971 2631; x_wconf 85' lang='lat' dir='ltr'><strong>quidem</strong></span> <span class='ocrx_word' id='word_1_396' title='bbox 1999 2589 2149 2620; x_wconf 86' lang='lat' dir='ltr'><strong>versus</strong></span> <span class='ocrx_word' id='word_1_397' title='bbox 2177 2577 2334 2621; x_wconf 87' lang='lat' dir='ltr'><strong>transi—</strong></span> 
     </span>
     <span class='ocr_line' id='line_1_33' title="bbox 139 2655 1167 2711; baseline 0 -12"><span class='ocrx_word' id='word_1_398' title='bbox 139 2661 230 2699; x_wconf 91' lang='lat' dir='ltr'><strong>tum</strong></span> <span class='ocrx_word' id='word_1_399' title='bbox 259 2656 384 2701; x_wconf 92' lang='lat' dir='ltr'><strong>nobis</strong></span> <span class='ocrx_word' id='word_1_400' title='bbox 411 2656 621 2711; x_wconf 85' lang='lat' dir='ltr'><strong>praebent</strong></span> <span class='ocrx_word' id='word_1_401' title='bbox 647 2655 703 2700; x_wconf 90' lang='lat' dir='ltr'><strong>ad</strong></span> <span class='ocrx_word' id='word_1_402' title='bbox 732 2668 784 2700; x_wconf 92' lang='lat' dir='ltr'><strong>ea</strong></span> <span class='ocrx_word' id='word_1_403' title='bbox 812 2667 922 2710; x_wconf 89' lang='lat' dir='ltr'><strong>quae</strong></span> <span class='ocrx_word' id='word_1_404' title='bbox 952 2658 1167 2700; x_wconf 88' lang='lat' dir='ltr'><strong>secuntur.</strong></span> 
     </span>
    </p>

    <p class='ocr_par' dir='ltr' id='par_1_9' title="bbox 129 2733 2332 3095">
     <span class='ocr_line' id='line_1_34' title="bbox 301 2733 2330 2789; baseline 0 -11"><span class='ocrx_word' id='word_1_405' title='bbox 301 2735 479 2787; x_wconf 88' lang='lat' dir='ltr'><strong>Deinde,</strong></span> <span class='ocrx_word' id='word_1_406' title='bbox 510 2739 560 2778; x_wconf 92' lang='lat' dir='ltr'><strong>ut</strong></span> <span class='ocrx_word' id='word_1_407' title='bbox 587 2747 777 2778; x_wconf 89' lang='lat' dir='ltr'><strong>erremus</strong></span> <span class='ocrx_word' id='word_1_408' title='bbox 807 2735 850 2777; x_wconf 91' lang='lat' dir='ltr'><strong>in</strong></span> <span class='ocrx_word' id='word_1_409' title='bbox 879 2734 947 2777; x_wconf 87' lang='lat' dir='ltr'><strong>his</strong></span> <span class='ocrx_word' id='word_1_410' title='bbox 976 2734 1170 2778; x_wconf 85' lang='lat' dir='ltr'><strong>versibus</strong></span> <span class='ocrx_word' id='word_1_411' title='bbox 1198 2733 1552 2788; x_wconf 85' lang='lat' dir='ltr'><strong>interpretandis,</strong></span> <span class='ocrx_word' id='word_1_412' title='bbox 1590 2746 1732 2778; x_wconf 89' lang='lat' dir='ltr'><strong>nonne</strong></span> <span class='ocrx_word' id='word_1_413' title='bbox 1760 2733 1991 2789; x_wconf 88' lang='lat' dir='ltr'><strong>permirum</strong></span> <span class='ocrx_word' id='word_1_414' title='bbox 2020 2737 2089 2777; x_wconf 91' lang='lat' dir='ltr'><strong>est</strong></span> <span class='ocrx_word' id='word_1_415' title='bbox 2116 2734 2330 2778; x_wconf 86' lang='lat' dir='ltr'><strong>Tibullum</strong></span> 
     </span>
     <span class='ocr_line' id='line_1_35' title="bbox 141 2812 2331 2865; baseline 0.001 -11"><span class='ocrx_word' id='word_1_416' title='bbox 141 2825 167 2854; x_wconf 89' lang='lat' dir='ltr'><strong>a</strong></span> <span class='ocrx_word' id='word_1_417' title='bbox 196 2813 341 2865; x_wconf 90' lang='lat' dir='ltr'><strong>puella</strong></span> <span class='ocrx_word' id='word_1_418' title='bbox 369 2813 586 2855; x_wconf 86' lang='lat' dir='ltr'><strong>exclusum</strong></span> <span class='ocrx_word' id='word_1_419' title='bbox 622 2814 764 2855; x_wconf 89' lang='lat' dir='ltr'><strong>subito</strong></span> <span class='ocrx_word' id='word_1_420' title='bbox 801 2814 863 2855; x_wconf 91' lang='lat' dir='ltr'><strong>ita</strong></span> <span class='ocrx_word' id='word_1_421' title='bbox 896 2813 1014 2865; x_wconf 91' lang='lat' dir='ltr'><strong>loqui</strong></span> <span class='ocrx_word' id='word_1_422' title='bbox 1052 2817 1257 2864; x_wconf 88' lang='lat' dir='ltr'><strong>tanquam</strong></span> <span class='ocrx_word' id='word_1_423' title='bbox 1285 2824 1381 2854; x_wconf 90' lang='lat' dir='ltr'><strong>cum</strong></span> <span class='ocrx_word' id='word_1_424' title='bbox 1410 2812 1485 2854; x_wconf 89' lang='lat' dir='ltr'><strong>illa</strong></span> <span class='ocrx_word' id='word_1_425' title='bbox 1511 2824 1590 2865; x_wconf 86' lang='lat' dir='ltr'><strong>per</strong></span> <span class='ocrx_word' id='word_1_426' title='bbox 1617 2814 1709 2855; x_wconf 89' lang='lat' dir='ltr'><strong>vias</strong></span> <span class='ocrx_word' id='word_1_427' title='bbox 1736 2812 1902 2864; x_wconf 77' lang='lat' dir='ltr'><strong>fugiat?</strong></span> <span class='ocrx_word' id='word_1_428' title='bbox 1958 2812 2076 2855; x_wconf 87' lang='lat' dir='ltr'><strong>Haec</strong></span> <span class='ocrx_word' id='word_1_429' title='bbox 2105 2813 2218 2855; x_wconf 87' lang='lat' dir='ltr'><strong>enim</strong></span> <span class='ocrx_word' id='word_1_430' title='bbox 2245 2826 2331 2857; x_wconf 88' lang='lat' dir='ltr'><strong>non</strong></span> 
     </span>
     <span class='ocr_line' id='line_1_36' title="bbox 139 2888 2332 2943; baseline 0.001 -11"><span class='ocrx_word' id='word_1_431' title='bbox 139 2889 243 2932; x_wconf 87' lang='lat' dir='ltr'><strong>ficta</strong></span> <span class='ocrx_word' id='word_1_432' title='bbox 271 2894 373 2933; x_wconf 91' lang='lat' dir='ltr'><strong>sunt</strong></span> <span class='ocrx_word' id='word_1_433' title='bbox 399 2891 472 2941; x_wconf 90' lang='lat' dir='ltr'><strong>ita,</strong></span> <span class='ocrx_word' id='word_1_434' title='bbox 503 2894 553 2932; x_wconf 90' lang='lat' dir='ltr'><strong>ut</strong></span> <span class='ocrx_word' id='word_1_435' title='bbox 580 2889 741 2942; x_wconf 88' lang='lat' dir='ltr'><strong>fingere</strong></span> <span class='ocrx_word' id='word_1_436' title='bbox 780 2890 991 2943; x_wconf 87' lang='lat' dir='ltr'><strong>quaedam</strong></span> <span class='ocrx_word' id='word_1_437' title='bbox 1029 2890 1302 2933; x_wconf 89' lang='lat' dir='ltr'><strong>concedimus</strong></span> <span class='ocrx_word' id='word_1_438' title='bbox 1345 2889 1497 2942; x_wconf 86' lang='lat' dir='ltr'><strong>poetis,</strong></span> <span class='ocrx_word' id='word_1_439' title='bbox 1538 2893 1639 2932; x_wconf 91' lang='lat' dir='ltr'><strong>sunt</strong></span> <span class='ocrx_word' id='word_1_440' title='bbox 1677 2888 1899 2932; x_wconf 87' lang='lat' dir='ltr'><strong>delirantis</strong></span> <span class='ocrx_word' id='word_1_441' title='bbox 1935 2889 2119 2933; x_wconf 88' lang='lat' dir='ltr'><strong>hominis</strong></span> <span class='ocrx_word' id='word_1_442' title='bbox 2155 2890 2332 2934; x_wconf 87' lang='lat' dir='ltr'><strong>halluci-</strong></span> 
     </span>
     <span class='ocr_line' id='line_1_37' title="bbox 133 2965 2332 3020; baseline 0.001 -10"><span class='ocrx_word' id='word_1_443' title='bbox 133 2967 345 3011; x_wconf 88' lang='lat' dir='ltr'><strong>nationes.</strong></span> <span class='ocrx_word' id='word_1_444' title='bbox 403 2967 501 3010; x_wconf 92' lang='lat' dir='ltr'><strong>Non</strong></span> <span class='ocrx_word' id='word_1_445' title='bbox 540 2966 752 3010; x_wconf 86' lang='lat' dir='ltr'><strong>credimus</strong></span> <span class='ocrx_word' id='word_1_446' title='bbox 791 2979 888 3010; x_wconf 90' lang='lat' dir='ltr'><strong>eum</strong></span> <span class='ocrx_word' id='word_1_447' title='bbox 926 2966 999 3019; x_wconf 90' lang='lat' dir='ltr'><strong>qui</strong></span> <span class='ocrx_word' id='word_1_448' title='bbox 1037 2966 1163 3009; x_wconf 91' lang='lat' dir='ltr'><strong>modo</strong></span> <span class='ocrx_word' id='word_1_449' title='bbox 1202 2970 1291 3009; x_wconf 90' lang='lat' dir='ltr'><strong>tam</strong></span> <span class='ocrx_word' id='word_1_450' title='bbox 1330 2965 1482 3010; x_wconf 89' lang='lat' dir='ltr'><strong>acerbe</strong></span> <span class='ocrx_word' id='word_1_451' title='bbox 1518 2965 1778 3019; x_wconf 90' lang='lat' dir='ltr'><strong>querebatur</strong></span> <span class='ocrx_word' id='word_1_452' title='bbox 1814 2966 1899 3011; x_wconf 88' lang='lat' dir='ltr'><strong>iam</strong></span> <span class='ocrx_word' id='word_1_453' title='bbox 1929 2979 1980 3010; x_wconf 92' lang='lat' dir='ltr'><strong>eo</strong></span> <span class='ocrx_word' id='word_1_454' title='bbox 2009 2967 2255 3020; x_wconf 87' lang='lat' dir='ltr'><strong>pervenisse</strong></span> <span class='ocrx_word' id='word_1_455' title='bbox 2282 2971 2332 3012; x_wconf 89' lang='lat' dir='ltr'><strong>ut</strong></span> 
     </span>
     <span class='ocr_line' id='line_1_38' title="bbox 129 3041 2330 3095; baseline 0.001 -9"><span class='ocrx_word' id='word_1_456' title='bbox 129 3043 231 3087; x_wconf 85' lang='lat' dir='ltr'><strong>felix</strong></span> <span class='ocrx_word' id='word_1_457' title='bbox 262 3043 343 3087; x_wconf 93' lang='lat' dir='ltr'><strong>sibi</strong></span> <span class='ocrx_word' id='word_1_458' title='bbox 371 3043 590 3095; x_wconf 88' lang='lat' dir='ltr'><strong>videatur,</strong></span> <span class='ocrx_word' id='word_1_459' title='bbox 629 3054 768 3095; x_wconf 91' lang='lat' dir='ltr'><strong>neque</strong></span> <span class='ocrx_word' id='word_1_460' title='bbox 796 3043 1058 3095; x_wconf 87' lang='lat' dir='ltr'><strong>persuadere</strong></span> <span class='ocrx_word' id='word_1_461' title='bbox 1086 3042 1274 3086; x_wconf 86' lang='lat' dir='ltr'><strong>voluisse</strong></span> <span class='ocrx_word' id='word_1_462' title='bbox 1302 3042 1454 3085; x_wconf 91' lang='lat' dir='ltr'><strong>lectori</strong></span> <span class='ocrx_word' id='word_1_463' title='bbox 1481 3041 1694 3085; x_wconf 90' lang='lat' dir='ltr'><strong>Tibullum</strong></span> <span class='ocrx_word' id='word_1_464' title='bbox 1723 3042 1851 3086; x_wconf 90' lang='lat' dir='ltr'><strong>credo</strong></span> <span class='ocrx_word' id='word_1_465' title='bbox 1879 3054 1931 3086; x_wconf 88' lang='lat' dir='ltr'><strong>eo</strong></span> <span class='ocrx_word' id='word_1_466' title='bbox 1962 3054 2008 3086; x_wconf 88' lang='lat' dir='ltr'><strong>se</strong></span> <span class='ocrx_word' id='word_1_467' title='bbox 2036 3043 2228 3087; x_wconf 84' lang='lat' dir='ltr'><strong>insaniae</strong></span> <span class='ocrx_word' id='word_1_468' title='bbox 2257 3044 2330 3088; x_wconf 85' lang='lat' dir='ltr'><strong>ab·</strong></span> 
     </span>
    </p>
   </div>
   <div class='ocr_carea' id='block_1_5' title="bbox 409 3201 505 3260">
    <p class='ocr_par' dir='ltr' id='par_1_10' title="bbox 409 3201 505 3260">
     <span class='ocr_line' id='line_1_39' title="bbox 409 3201 505 3260; baseline 0 0"><span class='ocrx_word' id='word_1_469' title='bbox 409 3201 505 3260; x_wconf 49' lang='grc' dir='ltr'><em>Δ</em></span> 
     </span>
    </p>
   </div>
  </div>
 </body>
</html>
