2550 3260
1283 132 1335 173 19

182 251 575 310 Δοὓεαῑὶιξειςιιπᾶιιῒια
611 254 847 308 conposita.
865 250 1120 312 ubsseode'm³
1155 258 1232 311 qui
1261 258 1421 312 priora.
1439 258 1514 302 illa
1543 258 1817 303 'coniunxisse
1845 258 2028 303 videtur.
2052 281 2055 283 ·
2085 259 2273 303 causm
2300 261 2407 311 puto

182 329 342 379 :ww
361 338 479 383 08³¹,
508 331 646 385 quod,
664 339 772 376 mm
799 332 995 378 versibus
1024 333 1188 380 75--78
1215 335 1386 380 dicotur
1412 336 1466 380 de
1495 335 1642 391 aliquo
1670 335 1744 390 qui
1771 338 1950 390 propter
1973 335 2161 381 dolores
2176 348 2231 392 ex
2259 346 2403 380 amore

200 407 546 457 walemire
572 417 669 454 non·
687 410 842 465 possit,
860 411 1066 473 ‘uersibus
1095 412 1158 456 ³9-
1177 425 1237 457 ss.
1263 412 1468 472 loquatur
1493 414 1571 469 qui
1596 413 1745 459 infelix
1765 416 1914 458 amet.-
1999 423 2003 427 ·

184 519 188 522 -
291 527 297 533 .
337 519 344 533 .-
363 485 466 533 Iam*
483 486 524 530 si
552 486 650 541 quis
678 486 1317 545 conieceritlhoepoutremum
1341 491 1632 546 fragmentum
1659 491 1894 546 (79r—98)
1924 502 2102 535 cumeo
2129 491 2246 544 quod
2273 490 2410 535 conti·

176 564 548 612 ..netur-versibus
574 565 739 615 1—28
761 565 955 609 foa-tasse
982 579 1070 611 una
1097 568 1238 620 elegia
1262 569 1367 612 olim
1396 570 1671 613 coniunctum
1697 569 1854 620 fuisse,
1888 568 2008 621 quia-
2035 571 2221 621 utroque
2249 567 2403 612 acerbe

176 643 416 694 :queratur
428 640 642 695 Tibullus,
662 641 766 687 huic
792 643 1139 695 respondendum
1166 646 1250 689 erit
1276 647 1477 699 potuisse*
1499 646 1617 690 haud
1643 646 1781 690 dubie.
1801 645 2093 699 compluribus
2116 643 2269 697 elegiis
2286 643 2409 697 queri

200 718 427 770 Tibullum,
458 728 598 771 neque
626 717 763 761 ullum
790 720 1084 764 testimonium
1112 733 1191 765 nos
1221 733 1374 775 cogere
1394 728 1444 766 ut
1463 724 1772 776 coniungamus
1796 735 1907 777 quae
1928 726 2005 766 >tot
2030 721 2185 768 alienis
2212 719 2409 764 versibus

130 818 149 824 -
201 786 471 850 interpositis
499 795 695 838 seiuncta
723 799 836 838 sunt.
893 797 1096 840 Attamen
1131 810 1259 851 quam
1294 800 1348 842 ob
1375 812 1467 842 rem
1496 801 1739 853 negandum
1766 799 1848 842 hoc
1877 811 1976 842 esse
2005 798 2193 852 putarim
2222 796 2411 838 breviter

201 883 412 926 exponam
438 871 520 914 hac
548 872 819 924 potissimum
847 873 901 916 de
929 885 1071 927 causa,
1102 876 1218 928 quod
1244 876 1352 936 haec
1381 877 1437 919 ad
1465 878 1557 920 eius
1587 889 1757 929 quoque
1787 877 2033 929 opinionem
2059 871 2409 918 labefactandam

198 950 386 993 fortasse
415 949 577 1001 aliquid
604 949 827 1001 valebunt,
859 950 896 993 si
924 951 1020 1002 quis
1048 956 1150 1004 post
1176 952 1284 997 haec
1312 955 1454 997 omnia
1481 967 1611 997 unam
1641 967 1737 997 esse
1767 954 1950 1006 elegiam
1977 965 2127 996 versus
2159 950 2294 993 1—98
2324 948 2408 992 sibi

198 1026 477 1080 persuaserit.
2260 1083 2263 1086 ‚

364 1102 606 1146 Miserrime
644 1103 757 1146 enim
795 1108 974 1157 questus
1012 1105 1057 1149 in
1086 1105 1247 1159 elegiae
1277 1108 1401 1151 initio
1429 1112 1559 1161 poeta
1586 1121 1684 1152 mox
1711 1108 1891 1151 fortiora
1917 1107 2049 1150 verba
2076 1105 2256 1161 promit:
2298 1108 2408 1147 stre-

197 1193 283 1225 nue
321 1181 566 1225 audendum
604 1192 700 1224 esse
739 1179 958 1234 adfirmat,
997 1183 1250 1227 adiutricem
1286 1184 1379 1227 fore
1416 1185 1640 1229 Venerem.
1707 1185 1799 1227 Iam
1837 1197 1924 1227 non
1963 1185 2091 1227 credo
2127 1185 2173 1225 in
2212 1182 2407 1225 eiusdem

200 1260 364 1313 elegiae
402 1258 488 1301 fine
526 1258 744 1312 relapsum
779 1259 835 1301 ad
870 1260 1033 1303 inertes
1073 1261 1329 1315 desidesque
1359 1263 1573 1314 querellas
1603 1262 1817 1304 Tibullum
1853 1263 2046 1316 inparem
2083 1274 2130 1304 se
2160 1259 2407 1303 ostendisse

193 1326 448 1381 fortioribus
478 1336 564 1378 illis
592 1336 795 1388 consiliis.
837 1337 936 1380 Non
961 1337 1235 1382 laudaremus
1265 1339 1353 1382 tale
1382 1339 1484 1392 quid
1523 1340 1560 1382 si
1588 1340 1796 1382 traditum
1824 1343 1960 1382 esset:
2001 1350 2087 1381 non
2116 1337 2325 1381 traditum
2352 1348 2406 1379 ne

198 1414 399 1458 inmerito
426 1417 582 1468 poetae
611 1413 857 1468 inputemus
887 1415 1125 1458 cavendum
1153 1420 1233 1460 est.
1963 1461 1969 1467 ,

365 1491 535 1534 Deinde
574 1490 777 1535 credibile
812 1504 900 1535 non
936 1496 1025 1546 est,
1064 1493 1139 1547 qui
1177 1493 1264 1537 illic
1302 1498 1448 1538 cetera
1480 1494 1652 1547 quidem
1681 1495 1862 1538 adversa
1891 1493 1974 1536 sibi
2003 1504 2101 1535 esse
2131 1492 2404 1545 querebatur,

202 1581 324 1624 spem
350 1572 495 1612 tamen
523 1568 712 1623 ponebat
748 1569 793 1612 in
823 1569 1002 1633 Veneris
1031 1571 1208 1624 auxilio,
1238 1584 1349 1626 quae
1376 1572 1550 1614 adiuvet
1577 1575 1792 1624 amantes,
1832 1583 1931 1614 eum
1959 1571 2045 1612 iam
2075 1582 2126 1612 eo
2155 1571 2405 1624 pervenisse

198 1650 248 1689 ut
287 1646 429 1689 omnia
466 1647 580 1689 mala
618 1660 697 1689 sua
735 1646 789 1688 ab
827 1646 939 1689 irata
968 1647 1146 1698 Venere,
1171 1649 1361 1703 inposita
1398 1649 1481 1692 sibi
1519 1661 1615 1691 esse
1644 1653 1781 1702 putet.
1839 1649 1991 1700 Neque
2018 1646 2141 1689 fallet
2169 1659 2289 1697 eum,
2330 1648 2405 1699 qui

195 1726 313 1766 recte
341 1722 498 1775 legerit
524 1734 673 1765 versus
705 1724 839 1765 1—28
876 1723 958 1766 hoc
996 1725 1137 1777 ipsum
1164 1724 1300 1768 fuisse
1329 1726 1444 1768 illius
1475 1726 1639 1778 elegiae
1669 1729 1987 1777 argumentum:
2017 1723 2260 1766 audendum
2289 1735 2400 1774 esse,

198 1798 452 1842 adiutricem
479 1799 572 1843 fore
601 1799 823 1843 Venerem.

362 1875 560 1931 Denique
586 1890 739 1922 vereor
764 1890 820 1922 ne
840 1878 894 1922 de
914 1878 1027 1922 ira'ta
1040 1878 1207 1922 Venere
1229 1879 1350 1934 queri
1370 1892 1456 1923 non
1476 1879 1616 1933 possit
1643 1879 1692 1931 is,
1725 1878 1809 1932 qui,
1841 1890 1935 1921 cum
1964 1876 2107 1920 faveat
2134 1876 2218 1930 ipsi
2246 1876 2402 1930 puella,

195 1943 351 2008 positis
380 1954 631 1999 custodibus
660 1967 896 2009 congressu
924 1956 1018 2001 eius
1044 1955 1337 2011 prohibeatur.
1393 1956 1525 2011 Atqui
1553 1957 1615 2000 ita
1643 1967 1713 1999 res
1744 1969 1791 1999 se
1820 1955 1950 1998 habet
1977 1954 2172 1997 versibus
2199 1955 2346 1996 1-28,

362 2189 455 2232 Iam
484 2189 540 2231 ad
569 2189 731 2242 elegiae
761 2202 872 2243 quae
900 2198 997 2234 esse
1026 2192 1259 2244 putabatur
1285 2191 1415 2234 finem
1442 2191 1735 2245 pervenimus:
1778 2188 1895 2232 nacti
1928 2201 2077 2232 sumus
2106 2201 2185 2242 pro
2214 2188 2403 2233 carmine

194 2265 388 2319 longiore
418 2266 496 2309 sed
534 2267 649 2320 quod
687 2267 881 2321 intellegi
915 2280 1001 2312 non
1036 2273 1208 2323 poterat
1235 2269 1477 2322 fragmenta
1504 2268 1715 2321 quaedam
1745 2267 1909 2309 maiora
1937 2270 1982 2310 et
2009 2266 2177 2308 minora
2205 2266 2284 2309 sed
2310 2266 2405 2320 pul-

197 2343 408 2387 cherrima
438 2344 592 2396 omnia,
622 2348 672 2387 ut
701 2357 829 2398 quam
857 2346 1038 2389 maxime
1068 2347 1297 2391 dolendum
1324 2345 1449 2389 nobis
1480 2346 1540 2388 sit
1565 2358 1651 2388 non
1680 2349 1827 2387 extare
1856 2344 2050 2397 integras
2079 2344 2254 2398 elegias.

360 2421 576 2464 Discimus
612 2425 769 2464 autem·
794 2436 846 2466 ex
881 2424 934 2466 iis
964 2436 1074 2476 quae
1103 2425 1301 2478 exposui,
1340 2424 1377 2466 si
1404 2428 1522 2466 recte
1554 2423 1774 2476 disputata
1803 2426 1924 2473 sunt,
1955 2422 2185 2464 admodum
2214 2422 2405 2475 iniquam

194 2497 412 2541 fortunam
447 2503 646 2554 expertas
686 2512 782 2543 esse
820 2500 1025 2554 reliquias
1054 2501 1339 2543 Tibullianas:
1380 2504 1565 2552 quatuor
1602 2503 1678 2542 aut
1717 2499 1905 2552 quinque
1940 2499 2102 2551 elegias
2139 2499 2202 2541 ita
2238 2499 2404 2552 perisse

193 2575 411 2628 videmus,
451 2579 501 2617 ut
538 2576 723 2619 frustula
760 2580 930 2619 tantum
969 2577 1025 2619 ad
1062 2589 1142 2620 nos
1178 2577 1464 2631 pervenerint.
1524 2577 1671 2629 Longe
1709 2576 1905 2629 pluribus
1935 2577 2068 2628 igitur
2096 2575 2247 2627 elegiis
2276 2587 2406 2628 quam

195 2667 310 2705 nunc
337 2654 521 2708 legimus
540 2653 709 2697 Deliam
731 2666 854 2697 suam
873 2653 1166 2707 celebraverat
1194 2659 1326 2709 poeta
1352 2655 1579 2707 variosque
1600 2654 1759 2697 amoris
1781 2665 1908 2697 casus
1938 2653 2108 2707 poetice
2129 2657 2404 2697 tractaverat.

358 2731 450 2776 Sed
478 2731 596 2776 aliud
624 2744 794 2788 quoque
825 2731 1048 2777 discimus:
1088 2735 1322 2788 postquam
1351 2732 1588 2786 elegiarum
1618 2731 1955 2775 Tibullianarum
1985 2742 2140 2785 corpus
2169 2731 2406 2774 laceratum

198 2814 267 2855 est
296 2823 471 2866 operam
498 2810 647 2865 posuit
674 2810 829 2866 aliquis
858 2811 903 2854 in
931 2811 1222 2866 conponendis
1253 2815 1297 2854 et
1326 2810 1586 2853 adornandis
1616 2810 1868 2864 fragmentis
1898 2822 1950 2852 eo
1977 2810 2156 2852 consilio
2176 2813 2225 2850 ut
2245 2809 2283 2850 si
2311 2808 2406 2851 fien‘

194 2894 347 2943 posset
376 2890 571 2942 integrae
602 2889 766 2942 elegiae
794 2889 1140 2932 restituerentur.
1198 2889 1292 2931 Hoc
1329 2890 1442 2931 enim
1471 2889 1516 2931 in
1544 2889 1784 2945 propatulo·
1802 2892 1872 2931 est
1900 2888 2219 2940 deperditarum
2249 2886 2406 2938 elegia·

193 2979 289 3010 rum
317 2965 557 3021 fragmenta
587 2980 673 3012 non
702 2952 806 3023 casu
835 2966 978 3021 aliquo
1008 2966 1236 3010 coniuncta
1266 2978 1363 3010 esse
1393 2979 1444 3011 eo
1475 2979 1560 3020 quo
1589 2978 1702 3010 nunc
1721 2966 1905 3020 legimus
1935 2964 2084 3008 ordine
2113 2964 2191 3007 sed
2220 2963 2404 3007 hominis
