2550 3260
1264 86 1318 128 18

354 212 541 255 Restant
559 223 711 255 versus
740 211 908 253 65—98
936 222 1119 264 quorum
1148 213 1256 256 duas
1284 216 1433 266 partes
1463 212 1791 265 distinguendas
1813 223 1911 256 esse
1939 211 2067 255 facile
2086 212 2399 266 cognoscimus.

280 286 289 325 ῗ
347 288 556 331 Versibus
586 288 702 332 enim
730 289 896 332 65—78
934 288 1127 342 loquitur
1162 290 1216 332 de
1254 289 1427 336 homine
1465 288 1610 343 aliquo
1648 286 1860 341 Tibullus,
1901 289 1977 343 qui
2013 288 2180 333 ferreus
2220 288 2392 334 Deliam

178 367 405 420 reliquerit
433 366 619 419 praedas
647 366 875 419 petiturus
943 366 1040 408 Non
1070 366 1134 411 illi
1163 378 1210 410 se
1237 367 1428 411 invidere
1459 366 1649 420 divitias:
1679 366 1761 421 sibi
1791 364 1988 409 sufficere
2018 365 2384 420 simplicissimum

178 446 339 487 victum
367 444 496 486 modo
526 456 624 486 cum
652 444 778 486 Delia
808 444 885 486 sit:
915 443 1022 486 nihil
1052 444 1167 487 enim
1191 445 1417 511 prodesse
1433 445 1604 508 divitias
1628 444 1728 487 sine
1757 455 1902 487 amore
1931 444 2135 486 secundo.

346 522 405 564 At
431 521 626 563 versibus
657 521 820 562 79—98
850 520 904 562 de
934 502 1099 563 infelici
1125 534 1203 564 suo
1243 535 1389 579 amore
1418 505 1633 576 queritur:
1672 534 1776 565 num
1801 521 1974 564 violarit
2001 493 2242 565 Venerem?
2286 533 2390 564 num

182 598 268 642 alia
303 597 509 641 numina?
547 609 633 640 non
671 609 718 640 se
757 597 998 640 detrectare
1038 585 1385 663 deprecationem
1412 603 1459 649 et
1485 610 1664 655 poenas,
1701 597 1828 656 modo
1857 597 1902 640 di
1929 597 2168 652 placentur.
2226 597 2396 649 Deinde

181 675 428 719 invehitur
416 687 460 717 ιιι
481 674 667 727 aliquem
687 674 761 727 qui
790 674 931 716 rideat
958 674 1097 728 ipsius
1126 674 1261 728 mala,
1293 675 1394 718 huic
1401 687 1576 750 poenas
1597 665 1804 718 minatur.
1836 686 1962 718 senes
1989 686 2160 729 quoque
2179 657 2396 718 interdum

192 753 302 795 seris
330 751 502 804 ignibus
533 754 754 803 correptos
792 763 912 802 esse,
954 752 1027 804 qui
1065 751 1241 793 riserint
1280 747 1480 818 miseros
1499 753 1699 794 iuvenum
1738 763 1918 793 amores.
1975 752 2034 792 At
2061 751 2144 794 sibi
2170 754 2222 793 ut
2247 755 2400 804 parcat

181 829 392 871 Venerem
420 830 634 880 precatur.

346 904 478 947 Vides
508 903 674 947 duabus
702 904 772 948 his
800 905 996 958 partibus
1026 905 1218 948 diversas
1246 918 1317 948 res
1352 905 1530 948 tractari
1557 917 1698 958 neque
1726 903 1815 948 ullo
1844 917 1919 949 eas
1950 904 2192 948 sententiae
2220 904 2392 948 vinculo

180 981 294 1036 quod
337 980 509 1035 quidem
552 981 844 1035 conspiciatur
884 981 1149 1037 coniunctas,
1175 994 1286 1026 esse.
1351 981 1506 1035 Neque
1539 981 1739 1025 versibus
1766 981 1932 1024 65—98
1970 981 2186 1036 integrum
2215 987 2388 1026 carmen

182 1058 391 1102 contineri
419 1060 584 1111 potest,
616 1070 875 1111 quamquam
903 1057 986 1101 hoc
1015 1059 1237 1102 contendit
1263 1058 1468 1111 Vossius,
1507 1061 1658 1102 contra
1686 1069 1814 1112 quem
1843 1059 1881 1102 si
1910 1058 2006 1112 quis
2035 1058 2259 1113 disputare
2286 1057 2392 1102 velit

182 1138 222 1178 ei
253 1148 355 1178 sane
383 1135 618 1176 verendum
649 1135 732 1176 erit
760 1147 815 1176 ne
844 1139 1025 1177 noctuas
1052 1136 1247 1178 Athenas
1275 1137 1447 1178 mit-tere
1466 1136 1674 1178 videatur.
1721 1137 1928 1178 Ferreum
1958 1136 2071 1177 enim
2099 1136 2220 1177 illum
2247 1136 2391 1190 ipsum

180 1226 277 1257 esse
313 1212 527 1254 Tibullum
567 1212 649 1254 sibi
677 1217 975 1265 persuaserat,
1016 1225 1275 1267 quamquam
1312 1214 1352 1257 ei
1390 1213 1678 1256 disertissime
1720 1225 1768 1256 se
1797 1213 1939 1266 ipsum
1969 1213 2151 1266 opponit
2178 1226 2308 1257 versu
2338 1214 2386 1255 71

181 1289 251 1342 (cf.
283 1289 516 1333 Dissenum
544 1301 640 1343 pag.
672 1289 722 1332 51
756 1289 811 1332 ad
838 1301 1010 1333 versum
1039 1291 1124 1345 67).
1182 1290 1322 1344 Igitur
1349 1289 1464 1335 hunc
1491 1290 1729 1334 mittamus.

344 1366 519 1409 Possint
558 1370 703 1409 autem
743 1366 952 1410 excidisse
982 1367 1192 1423 quaedam
1228 1371 1327 1411 ante
1356 1380 1527 1412 versum
1557 1368 1622 1420 65,
1655 1367 1809 1422 quibus
1840 1367 1893 1411 (16
1924 1379 2003 1411 suo
2032 1380 2178 1412 amore
2208 1370 2390 1421 questus

183 1446 240 1487 sit
266 1447 408 1497 poeta.
476 1444 582 1486 Inde
621 1443 753 1496 igitur
790 1445 1009 1497 putandus
1049 1444 1132 1487 erit
1170 1445 1391 1498 digressus
1421 1457 1518 1488 esse
1549 1445 1605 1488 ad
1631 1445 1848 1489 hominem
1883 1445 2029 1497 illum,
2062 1445 2136 1498 qui
2171 1445 2396 1498 reliquerit

179 1522 358 1564 Deliam.
424 1521 490 1563 De
526 1532 611 1572 quo
647 1524 877 1573 postquam
915 1522 1022 1564 dixit
1056 1533 1193 1575 usque
1231 1513 1286 1584 ad
1322 1533 1495 1565 versum
1524 1523 1578 1565 78
1614 1521 1732 1574 (nam
1761 1535 1858 1565 cum
1888 1522 1993 1566 dicit
2021 1521 2165 1577 ‚Tyrio
2193 1524 2305 1567 toro‘
2336 1522 2390 1566 (16

177 1599 339 1652 praeda
367 1598 529 1650 cogitat
558 1595 619 1640 ab‘
641 1597 714 1640 illo
744 1599 1022 1651 reportanda)
1062 1599 1147 1641 iam
1185 1611 1315 1642 versu
1344 1600 1396 1641 79
1427 1600 1482 1642 ad
1519 1613 1565 1642 se
1594 1600 1736 1652 ipsum
1757 1584 1991 1652 ‘regressus
2022 1612 2148 1642 suum
2175 1598 2388 1643 infelicem

179 1687 367 1718 amorem
398 1675 674 1726 conqueritur
702 1675 880 1727 eiusque
909 1679 954 1717 et
983 1687 1136 1718 causas
1167 1677 1336 1728 quaerit
1366 1679 1410 1719 et
1437 1677 1641 1719 remedia.

346 1752 415 1793 Ita
441 1750 583 1803 possit
611 1751 766 1803 aliquis
795 1763 886 1793 rem
917 1751 998 1794 sibi
1026 1751 1201 1805 fingere.
1261 1752 1348 1795 Sed
1376 1752 1460 1794 iam
1491 1744 1737 1806 suspicaces
1769 1764 1938 1795 sumus:
1980 1764 2122 1796 nonne
2151 1752 2259 1796 haec
2287 1764 2392 1806 quo-

179 1841 262 1881 que
307 1828 408 1871 olim
451 1828 590 1871 divisa
626 1827 761 1871 fuisse
799 1831 1002 1882 possunt,
1042 1832 1144 1882 post
1181 1832 1358 1882 propter
1398 1827 1723 1881 similitudinem
1762 1829 1978 1882 quandam
2007 1829 2238 1872 coniuncta
2266 1831 2393 1873 esse?

177 1907 238 1948 Et
276 1892 379 1948 sunt
405 1905 600 1958 profecto
628 1917 740 1958 quae
767 1917 917 1949 verum
944 1905 1026 1948 hoc
1055 1918 1153 1950 esse
1180 1906 1272 1949 fere
1300 1906 1404 1948 mihi
1433 1907 1735 1959 persuadeant.

347 1983 476 2025 Haud
505 1983 634 2025 dubie
662 1983 776 2025 enim
803 1984 904 2026 inde
925 1997 950 2025 a
968 1996 1098 2026 versu
1118 1986 1141 2025 7
1145 1985 1170 2024 9
1190 1984 1407 2026 hominem
1427 1985 1622 2026 audimus
1643 1986 1716 2037 qui
1743 1985 2061 2028 infelicissimus
2092 1985 2175 2027 sibi
2201 1985 2391 2027 videtur:

180 2061 446 2104 miserrimas
476 2059 691 2113 querellas
719 2059 872 2112 fundit,
904 2061 1072 2114 quidvis
1099 2061 1245 2115 potius
1274 2062 1442 2114 perpeti
1470 2061 1632 2106 mavolt
1659 2075 1787 2115 quam
1816 2074 1926 2116 quae
1954 2063 2133 2116 patitur.
2167 2062 2392 2106 ,Venerem

189 2137 376 2192 denique
403 2136 561 2180 iratam
589 2136 797 2181 sibi-esse
825 2137 998 2192 indicat,
1029 2138 1144 2182 unde
1174 2137 1400 2182 discidium
1428 2139 1468 2182 ei
1496 2138 1655 2182 factum
1685 2151 1782 2184 esse
1812 2152 1908 2183 cum
1935 2139 2081 2196 puella
2107 2139 2306 2184 conicias.

345 2215 404 2256 At
430 2215 626 2258 versibus
657 2216 841 2258 65-78
871 2227 1129 2268 quamquam
1167 2216 1221 2258 de
1260 2227 1308 2258 se
1344 2217 1441 2271 ipso
1478 2229 1617 2271 pauca
1643 2220 1823 2260 tantum·
1841 2217 1947 2261 dicit
1973 2221 2105 2272 poeta
2132 2230 2220 2262 non
2246 2222 2392 2262 tamen

177 2293 256 2336 tali
286 2304 386 2335 esse
416 2292 665 2335 condicione
692 2293 874 2336 videtur.
933 2293 1067 2336 Totus
1096 2294 1211 2335 enim
1241 2295 1449 2338 orationis
1468 2299 1595 2337 tenor
1614 2294 1810 2348 placidus
1831 2299 1900 2338 est
1928 2299 1974 2338 et
2001 2295 2272 2349 tranquillus,
2302 2309 2389 2340 non

177 2370 251 2423 qui
280 2369 500 2422 profectus
531 2381 628 2412 esse
657 2370 857 2413 videatur
885 2383 937 2413 ex
966 2371 1109 2413 animo
1138 2371 1251 2413 curis
1280 2371 1556 2415 vehementer
1577 2372 1755 2425 agitato,
1786 2372 1958 2426 qualem
1975 2373 2174 2416 videmus
2192 2373 2389 2417 versibus

177 2447 230 2487 79
260 2459 317 2488 ss.
375 2446 573 2500 Denique
609 2447 805 2490 versibus
836 2449 885 2489 71
919 2459 976 2490 ss.
1007 2448 1071 2490 ita
1107 2447 1353 2502 adloquitur
1387 2448 1575 2502 puellam
1611 2452 1661 2490 ut
1698 2450 1932 2493 concordes
1963 2462 2060 2493 esse
2089 2454 2286 2495 amantes
2315 2451 2391 2494 ad-

176 2527 339 2576 pareat.
398 2522 490 2564 Iam
528 2536 623 2566 cum
662 2525 859 2567 versibus
889 2525 1073 2566 75—78
1102 2525 1277 2578 exponit
1314 2525 1374 2567 nil
1412 2526 1622 2580 prodesse
1661 2527 1832 2569 divitias
1873 2527 1911 2569 si
1948 2527 2045 2580 quis
2084 2526 2232 2571 infelix
2260 2533 2388 2581 amet,

176 2611 319 2642 nonne
349 2599 499 2643 audire
525 2600 720 2643 videmur
750 2613 868 2653 eum,
900 2601 974 2655 qui
1002 2604 1206 2656 expertus
1235 2602 1408 2656 quidem
1437 2603 1495 2647 sit
1521 2603 1628 2647 talia
1654 2602 1838 2647 infelicis
1867 2603 2027 2648 amoris
2057 2603 2171 2649 mala
2200 2605 2278 2649 sed
2305 2605 2391 2650 iam

176 2678 234 2720 sit
271 2676 400 2720 felix?
457 2677 516 2720 Et
552 2677 634 2721 hoc
671 2678 766 2721 lo'co
806 2679 924 2722 haud
954 2678 1082 2722 dubie
1111 2665 1327 2723 insereret
1355 2680 1421 2722 sui
1451 2680 1725 2734 mentionem,
1757 2681 1794 2724 si
1824 2686 1943 2725 esset
1971 2685 2061 2725 tam
2089 2682 2232 2735 miser,
2264 2694 2392 2737 quam

174 2757 416 2809 posteriore
446 2756 542 2798 loco
574 2769 620 2798 se
650 2756 890 2809 profitetur.

142 2821 145 2823 ’
347 2834 509 2877 Durius
549 2834 733 2887 denique
772 2847 870 2877 esse
908 2834 1162 2878 transeundi
1191 2847 1327 2887 genus
1358 2836 1484 2889 quale
1512 2837 1706 2880 videmus
1735 2849 1863 2880 versu
1893 2837 1946 2879 79
1975 2837 2072 2890 quis
2100 2839 2257 2891 neget?
2299 2839 2393 2883 Imo

180 2922 265 2953 non
295 2911 454 2953 transit
484 2911 669 2963 omnino,
701 2911 779 2954 sed
808 2912 950 2965 pergit
978 2915 1184 2964 tanquam
1212 2912 1342 2955 modo
1372 2912 1425 2955 de
1456 2912 1606 2956 eadem
1634 2925 1682 2956 re
1711 2913 1895 2957 locutus.

340 2988 458 3039 Quae
498 3001 594 3031 cum
633 2990 695 3032 ita
732 2989 820 3031 sint
857 3002 908 3032 eo
939 2990 1085 3042 potius
1106 2980 1334 3032 'sententia
1364 3003 1461 3033 mea
1489 2990 1680 3043 inclinat,
1712 2996 1762 3034 ut
1791 2996 1941 3045 putem
1969 2993 2078 3035 haec
2108 3005 2277 3047 quoque
2307 2995 2392 3038 duo
