2550 3260
1309 127 1335 168 9
1978 0 2156 244 ><

221 266 366 298 coram
394 266 473 307 per
500 253 625 307 signa
652 253 850 307 colloqui,
880 258 1107 308 protegere
1125 255 1545 309 denique‘Venerem
1563 266 1643 309 per
1664 253 1757 296 vias
1787 257 1940 296 euntes
1970 258 2015 296 et
2042 266 2069 296 a
2095 255 2422 309 praedatoribus

222 335 268 377 et
290 344 319 376 a
335 329 651 387 proditoribus:
680 330 734 374 de
764 330 1014 376 custodibus
1035 331 1102 375 -nil
1130 333 1339 377 audimus.
1397 332 1529 377 Dicas
1554 343 1683 376 versu
1711 330 1784 373 20:
1815 329 1911 383 ,illa
1937 330 2091 385 pedem
2117 330 2236 375 nullo
2262 342 2422 385 ponere

220 421 351 465 posse
381 409 504 451 sono‘
543 406 597 450 de
627 407 880 450 custodibus
906 408 1182 462 cogitandum
1209 421 1327 452 esse:
1366 409 1445 452 sed
1472 412 1523 450 ut
1549 408 1632 451 hoc
1661 396 1904 460 concedam,
1931 407 2042 448 nihil
2070 406 2160 449 fere
2188 407 2421 462 proficitur.

221 485 368 530 Nihilo
396 485 538 528 minus
567 484 681 528 enim
707 496 797 528 uno
824 484 1036 529 versiculo
1067 485 1423 531 remabsolvisse
1451 485 1659 529 dicendus
1688 488 1758 528 est
1783 495 1895 540 quae
1925 482 2114 527 omnium
2142 487 2237 528 erat
2264 485 2424 540 gravis-

221 564 343 629 sima,
371 562 506 605 nihilo
526 563 673 605 minus
695 575 906 616 nusquam
932 563 1110 606 disertis
1125 564 1270 606 verbis
1297 564 1351 606 de
1371 564 1622 606 custodibus
1651 562 1771 604 dixit.
1823 562 1955 614 Atqui
1984 562 2059 614 qui
2086 561 2132 603 id
2160 561 2262 614 agit,
2291 566 2341 604 ut
2369 563 2424 604 ad

221 637 673 695 audenduminpellat
700 637 902 693 amicam,
941 645 1053 684 num'
1078 646 1177 685 011111
1213 640 1438 686 credemus
1463 642 1531 685 tot
1557 639 1699 685 verbis
1727 638 1946 684 monuisse
1974 652 2070 683 eam
2098 642 2149 683 ut
2176 640 2425 684 contemnat

219 718 425 777 pericula,
454 717 512 762 ad
539 729 651 773 quae
674 716 914 762 subeunda·
929 721 1084 774 panta
1108 716 1210 772 fuit,
1239 718 1317 762 vix*
1336 718 1533 774 tetigisse
1562 718 1607 763 id
1633 718 1788 773 ipsum,
1818 730 1903 774 quo
1931 717 2060 762 modo
2088 716 2298 762 deterrita
2325 717 2423 762 est?

382 796 518 839 Vides
556 806 625 839 me
664 796 852 849 quidem·
871 796 1028 840 bonam
1065 807 1117 840 ex
1152 796 1246 840 hac
1271 797 1409 850 elegia
1445 796 1705 841 sententiam
1745 796 1900 852 elicere
1936 808 2024 839 non
2061 807 2204 850 posse.
2271 795 2424 848 Neque

221 874 352 918 credo
370 885 646 926 vquemquam
670 874 802 917 sanis
838 874 1078 917 rationibus
1114 860 1246 917 unum
1280 875 1365 918 hoc
1402 886 1573 917 carmen
1609 886 1707 917 esse
1736 879 1782 916 et
1808 875 2024 926 integrum
2051 885 2182 927 posse
2210 873 2422 916 evincere.

222 951 374 1004 Quid?
393 950 468 1005 qui
489 954 585 993 *tam
613 950 830 994 concitato
857 954 927 994 est
952 951 1107 1003 animo,
1136 951 1210 1005 qui
1238 955 1361 995 tanto
1380 951 1527 995 dolore
1547 951 1790 1004 exagitatur
1816 954 1977 1004 quanto
2004 950 2198 994 videmus
2226 950 2424 993 versibus

226 1030 246 1070 1
264 1038 342 1071 --ss.
371 1026 598 1080 Tibullum,
622 1027 666 1070 is
692 1027 806 1070 dum.
822 1027 1022 1071 hortatur
1047 1038 1171 1070 suam
1197 1027 1283 1071 iam
1311 1039 1363 1071 eo
1391 1027 1522 1070 animi
1549 1027 1794 1081 pervenerit
1818 1031 1868 1070 ut
1894 1027 2001 1080 iocis
2022 1027 2272 1081 indulgeat?
2313 1026 2426 1070 Nam

222 1105 310 1149 non
338 1104 468 1149 credo
490 1105 611 1148 serio
637 1104 756 1148 dicta
779 1116 893 1157 esse,
921 1116 1031 1159 quae
1058 1104 1242 1158 legimus
1266 1104 1461 1148 ¹versibus
1489 1102 1556 1147 57.
1586 1105 1660 1147 58:

715 1186 762 1223 tu
791 1186 935 1223 tamen
964 1182 1183 1224 abstineas
1211 1182 1327 1224 aliis:
1356 1194 1456 1223 nam
1484 1185 1628 1242 cetera
1657 1186 1805 1224 cernet

825 1259 988 1302 omnia:
1016 1258 1087 1303 de
1097 1271 1166 1303 me
1192 1271 1278 1302 uno
1306 1259 1466 1303 sentiet
1493 1238 1566 1301 ille
1593 1258 1712 1301 nihil.

222 1338 402 1381 Poterat
429 1337 545 1379 serio
571 1337 734 1379 dicere:
764 1336 886 1389 ,talia
909 1336 1027 1379 furta
1051 1337 1217 1390 magico
1245 1348 1375 1390 sagae
1394 1335 1581 1378 carmine
1599 1348 1686 1377 non
1705 1336 1981 1389 occulentur‘,
2012 1349 2117 1380 non:
2148 1338 2305 1388 ,omnia
2326 1351 2425 1381 con·

221 1415 325 1458 iunx
352 1413 542 1457 videbit‘
599 1413 691 1456 Imo
719 1425 799 1457 nos
826 1413 1020 1456 videmus
1046 1413 1190 1457 iocose
1218 1416 1547 1467 exaggerantem
1574 1416 1705 1466 poeta

362 1490 511 1542 Quae
550 1501 647 1533 cum
679 1490 746 1533 ita
783 1491 870 1534 sint
905 1501 1158 1545 persuasum
1197 1489 1301 1532 mihi
1328 1493 1398 1533 est
1424 1488 1604 1543 elegiam
1632 1422 1760 1609 ηρ
1771 1489 1928 1533 dieitur
1953 1490 2052 1534 libri
2079 1491 2207 1546 primi
2236 1492 2426 1536 secunda

221 1579 308 1611 non
347 1578 445 1611 esse
483 1579 634 1611 unam:
674 1580 760 1615 non
797 1567 1030 1611 cohaerere
1068 1579 1121 1610 ea
1158 1578 1268 1621 quae
1300 1570 1506 1610 secuntur
1532 1566 1631 1609 inde
1714 1579 1843 1610 versu
1868 1567 1923 1610 33
1952 1579 2050 1611 cum
2077 1567 2131 1611 iis
2161 1580 2273 1622 quae
2300 1581 2425 1623 prae-

223 1645 395 1688 cedunt.
453 1644 547 1688 Illic
586 1645 700 1687 enim
736 1645 929 1699 queritur
965 1656 1112 1687 secum
1149 1643 1354 1697 congredi
1389 1643 1575 1697 puellam
1611 1655 1697 1685 non
1726 1643 1920 1697 potuisse
1949 1648 1994 1687 et
2021 1644 2223 1689 hortatur
2249 1651 2299 1690 ut
2326 1659 2427 1691 con-

223 1722 467 1776 grediatur:
497 1722 568 1764 hic
594 1722 744 1776 fugere
774 1734 821 1765 se
844 1734 947 1765 cum
973 1720 1124 1776 puella
1146 1724 1191 1764 et
1218 1720 1404 1775 colloqui
1428 1732 1529 1764 mm
1555 1725 1783 1775 praesente
1802 1720 1939 1775 fingit.
1981 1722 2042 1765 Et
2058 1723 2294 1767 cohaerent
2312 1725 2428 1769 inter

222 1811 270 1842 se
299 1799 416 1841 haud
444 1798 574 1841 dubie
600 1810 752 1855 yersus
780 1799 964 1840 38-64:
992 1798 1048 1841 de
1074 1798 1270 1880 versibus
1302 1798 1435 1840 1—32
1455 1798 1558 1851 quid
1579 1798 1858 1840 iudicandum
1877 1799 1936 1841 sit
1953 1799 2040 1841 iam
2059 1799 2204 1853 paullo
2232 1802 2425 1845 curatius

221 1877 346 1920 1101115
373 1857 666 1930 quaerendum
694 1879 774 1918 est.

391 2031 489 2074 Non
519 2043 617 2073 esse
646 2030 858 2083 integram
881 2030 1068 2084 elegiam
1095 2041 1247 2073 versus
1279 2029 1412 2072 1-32
1441 2029 1578 2082 quivis
1606 2029 1742 2072 videt:
1770 2030 1838 2072 vix
1865 2031 1979 2073 enim
2008 2032 2152 2085 coepit
2177 2039 2308 2086 poeta
2336 2047 2428 2077 rem

221 2108 409 2163 aliquam
445 2106 584 2151 fusius
622 2119 848 2161 exponere.
916 2106 1002 2150 Sed
1039 2106 1084 2150 in
1120 2106 1191 2151 his
1225 2119 1396 2162 quoque
1433 2106 1627 2150 versibus
1666 2107 1904 2150 tractandis
1944 2107 2181 2153 acrioribus
2220 2111 2422 2171 remediis

221 2197 330 2241 opus
359 2197 457 2229 esse
482 2183 734 2227 videbimus.

387 2262 582 2306 Tibullus
610 2266 840 2317 postquam
867 2262 1023 2316 positis
1052 2262 1303 2306 custodibus
1330 2262 1570 2316 prohibitus
1599 2266 1669 2305 est
1695 2275 1779 2315 quo
1808 2263 1949 2307 minus
1979 2276 2075 2307 cum
2105 2265 2231 2308 Delia
2251 2277 2431 2319 congre-

222 2341 367 2384 diatur
392 2340 493 2384 vino
522 2339 713 2384 dolorem
741 2340 965 2393 consopire
994 2342 1180 2393 temptat
1208 2337 1249 2391 (1
1261 2340 1383 2393 —6).
1442 2339 1529 2382 Sed
1566 2339 1686 2393 prius
1723 2351 1852 2392 quam
1891 2340 2038 2385 bibere
2066 2341 2220 2396 incipit
2247 2348 2429 2397 urgente

222 2429 378 2471 magno
415 2417 709 2470 indomitoque
737 2416 885 2461 dolore
923 2416 1163 2470 prorumpit
1189 2416 1233 2460 in
1253 2415 1493 2471 querellas-
1513 2421 1559 2459 et
1586 2421 1812 2461 execratur
1838 2418 2030 2462 clausam
2057 2420 2253 2473 ianuam,
2283 2421 2431 2464 statim

221 2498 369 2540 tamen
395 2497 564 2539 mutata
589 2497 734 2539 mente
761 2493 873 2538 hanc
900 2494 1040 2548 ipsam
1067 2494 1240 2539 ianuam
1267 2497 1317 2538 ut
1344 2493 1426 2538 sibi
1454 2498 1604 2547 pateat
1631 2494 1832 2549 inplorat.
1889 2496 1991 2540 Mox
2009 2496 2210 2541 hortatur
2227 2498 2428 2553 puellam,

221 2576 272 2615 ut
298 2571 470 2615 fortiter
496 2570 620 2614 fallat
648 2571 869 2614 custodes:
906 2571 1008 2614 boni
1046 2574 1226 2615 eventus
1263 2581 1385 2623 spem
1411 2571 1459 2622 in
1487 2582 1540 2614 eo
1567 2571 1764 2624 positam,
1784 2584 1882 2615 esse
1911 2574 2029 2626 quod
2056 2574 2204 2617 Venus
2233 2575 2328 2630 ipsa
2357 2576 2431 2618 ad-

222 2648 342 2693 iuvet
369 2651 579 2701 amantes,
610 2659 721 2702 quae
749 2647 1107 2693 doceat-fallendi
1134 2651 1265 2692 artes.
1322 2647 1383 2692 Et
1409 2647 1620 2692 hactenus
1650 2649 1823 2702 quidem
1850 2650 1965 2694 bona
1993 2652 2149 2696 omnia.
2208 2652 2296 2697 Sed
2323 2652 2434 2697 hanc

221 2730 484 2781 postremam
512 2727 772 2771 sententiam
799 2726 1013 2780 explicare
1040 2725 1192 2780 incipit
1219 2725 1300 2770 ita:
1430 2764 1432 2766 .

543 2806 607 2847 16.
1175 2802 1313 2847 fortes
1337 2804 1516 2864 ‚adiuvat
1542 2806 1639 2859 ipsa
1668 2806 1826 2849 Venus.

719 2878 796 2924 illa
822 2878 950 2935 iavet,
984 2892 1064 2925 seu
1092 2880 1188 2937 quis
1217 2880 1384 2927 iuvenis
1413 2893 1524 2927 nova
1551 2881 1700 2928 limina
1729 2887 1926 2941 temptat,

834 2970 912 3001 5011
939 2962 1108 3001 reserat
1133 2955 1219 3001 fixo
1249 2959 1381 3002 dente
1409 2959 1553 3015 puella
1581 2959 1718 3005 fores:

721 3036 797 3079 illa
827 3035 954 3078 docet
981 3034 1129 3078 furtim
1156 3035 1277 3079 molli
1304 3036 1513 3081 decedere
1542 3037 1668 3090 lecto,
