2550 3260
1301 120 1352 161 10

534 248 600 290 20.
824 248 899 291 illa
927 248 1080 302 pedem
1108 248 1226 292 nullo
1255 261 1415 304 ponere
1443 262 1574 305 posse
1602 262 1722 302 sono,

712 326 786 369 illa
811 327 903 369 viro
934 337 1076 368 coram
1105 330 1236 370 nutus
1266 327 1460 371 conferre
1488 328 1692 382 loquaces

821 402 1063 457 blandaque
1093 405 1330 459 conpositis
1358 405 1516 450 abdere
1544 406 1675 450 verba
1701 403 1830 448 notis.

713 492 792 523 nec
821 481 949 523 docet
976 481 1059 524 hoc
1087 483 1238 534 omnis,
1269 482 1347 525 sed
1376 494 1485 536 quos
1514 495 1594 526 nec
1621 482 1776 526 inertia
1802 480 1950 524 tardat
1979 505 1985 509 -

535 558 602 599 24.
826 570 905 600 nec
932 562 1054 601 vetat
1082 559 1266 602 obscura
1295 571 1470 612 surgere
1499 563 1625 603 nocte
1654 560 1794 602 timor.

218 631 424 677 Offendor
451 635 647 678 versibus
676 636 743 678 21.
774 635 840 678 22.
898 635 1133 689 Postquam
1170 637 1285 680 enim
1323 638 1519 681 versibus
1551 638 1615 680 17.
1649 637 1701 680 18
1728 637 1773 680 in
1800 635 2047 680 universum
2074 633 2318 679 adfirmavit
2343 633 2427 678 Ve-

220 721 367 754 nerem
395 711 550 764 favere,
583 723 661 756 seu
688 713 855 756 iuvenis
883 724 995 756 nova
1022 713 1171 756 limina
1199 717 1394 767 temptet,
1426 725 1503 758 seu
1530 718 1698 759 reseret
1726 713 1870 768 puella
1895 712 2023 765 fores,
2053 713 2139 756 iam
2167 724 2195 755 a
2221 723 2350 757 versu
2370 712 2426 755 ,19

218 799 305 840 quo
333 789 460 833 modo
488 790 595 833 talia
623 801 731 834 ausa
758 790 933 834 adiuvet
961 790 1035 834 illa
1063 792 1256 845 exponit:
1283 790 1432 834 furtim
1460 790 1575 835 lecto
1604 792 1812 835 decedere
1840 791 1986 843 docet,
2015 789 2101 834 leni
2129 800 2284 843 gressu
2310 789 2426 833 inec*

221 864 336 917 dere,
366 867 659 919 egredientem
688 871 795 922 puta
823 880 847 911 e
877 868 1083 911 cubiculo.
1141 868 1259 911 Haec
1295 867 1407 921 bona
1443 872 1557 911 sunt.
1617 868 1704 912 Sed
1729 868 1815 912 iam
1843 868 2038 922 sequitur
2063 867 2171 911 illud
2197 865 2429 919 distichon,-

222 943 339 995 quod
368 955 444 987 cur
471 946 646 989 tandem
677 946 891 990 addiderit
918 946 1076 998 poeta?
1134 945 1241 988 Cum
1269 945 1381 988 enim
1410 949 1539 989 antea
1567 950 1613 989 et
1630 958 1733 990 vera
1760 945 1952 1001 pericula
1979 947 2312 990 commemorata
2337 943 2428 988 sint

221 1023 267 1062 et
293 1020 400 1063 talia
426 1033 537 1075 quae
566 1023 622 1065 ad
642 1023 780 1077 ipsam
800 1023 951 1065 Deliae
972 1022 1263 1065 condicionem
1283 1034 1412 1076 quam
1431 1023 1614 1066 maxime
1633 1024 1881 1077 pertineant
1893 1023 1981 1066 hoc
2000 1023 2185 1067 disticho
2212 1022 2267 1065 de
2294 1021 2423 1065 rebus

219 1097 372 1141 alienis
401 1099 555 1152 agitur.
605 1101 702 1144 Non
731 1101 845 1144 enim
873 1100 979 1143 haec
1008 1099 1224 1143 sententia
1251 1100 1440 1154 pertinet
1468 1100 1524 1143 ad
1552 1100 1609 1151 id,
1640 1100 1756 1153 quod
1783 1100 2044 1154 persuadere
2074 1100 2222 1144 studet
2248 1098 2422 1143 Deliae:

217 1177 267 1215 ut
296 1176 498 1219 custodes
526 1176 661 1219 fallat
720 1178 848 1220 Dicat
876 1175 1030 1229 aliquis
1058 1177 1275 1230 pertinere
1304 1180 1469 1220 tamen:
1499 1177 1581 1220 hoc
1609 1177 1723 1220 enim
1751 1177 1879 1220 modo
1910 1180 2081 1231 tempus
2109 1177 2251 1220 locum
2278 1179 2424 1219 cetera

217 1252 418 1296 constitui
456 1266 584 1307 posse
623 1254 736 1297 inter
772 1258 979 1297 amantes.
1047 1253 1133 1298 Sed
1170 1253 1251 1297 bac
1289 1254 1343 1298 de
1382 1268 1429 1299 re
1466 1257 1618 1299 nostro
1645 1254 1829 1299 disticho
1866 1267 1953 1298 non
1981 1255 2143 1309 agitur:
2182 1265 2279 1298 cum
2308 1252 2423 1297 enim

217 1328 321 1373 dicit
348 1330 518 1383 ‚blanda
545 1330 690 1374 verba‘
720 1331 827 1375 satis
857 1329 1070 1386 significat
1097 1343 1184 1374 non
1214 1331 1268 1375 de
1297 1331 1382 1375 illis
1412 1331 1726 1376 constituendis
1747 1345 1794 1376 se
1822 1332 2026 1387 cogitare,
2057 1331 2135 1375 sed
2163 1330 2217 1375 de
2246 1330 2421 1385 quibus·

217 1407 282 1449 vis
311 1407 542 1451 amantium
569 1422 648 1462 per
678 1409 800 1463 signa
837 1409 1045 1452 faciendis
1074 1409 1320 1463 colloquiis,
1361 1409 1505 1463 qualia
1540 1412 1702 1453 tractat
1736 1410 1963 1453 notissimo
2002 1409 2189 1452 carmine
2209 1405 2419 1451 Ovidius.

212 1481 486 1537 Ineptissime
523 1489 748 1540 praeterea
786 1485 839 1529 de
876 1485 957 1529 hac
995 1499 1042 1530 re
1081 1485 1244 1530 diceret
1280 1490 1381 1540 post
1415 1498 1587 1530 versum
1615 1486 1688 1529 20:
1725 1486 1847 1542 prius
1885 1485 1998 1531 enim
2037 1485 2112 1530 illa
2148 1485 2420 1530 constituunt

213 1574 342 1617 quam
381 1563 650 1607 conveniunt.
716 1563 813 1606 Non
851 1562 984 1616 igitur
1020 1563 1076 1605 ad
1113 1575 1204 1606 rem
1249 1563 1514 1618 propositam
1559 1562 1667 1606 haec
1711 1563 1941 1618 pertinent.
2008 1562 2160 1616 Neque
2197 1565 2304 1617 puto
2336 1561 2419 1605 hoc

213 1641 373 1684 dixisse
411 1640 645 1683 Tibullum:
685 1639 859 1682 adiuvat
887 1640 1052 1692 Venus,
1094 1652 1172 1682 seu
1210 1640 1376 1683 iuvenis
1414 1651 1525 1682 nova
1561 1640 1709 1683 limina
1736 1643 1942 1694 temptat,
1973 1652 2052 1683 seu
2079 1639 2225 1693 puella
2251 1643 2419 1682 reserat

213 1721 350 1764 fores:
381 1732 500 1762 nam
529 1719 656 1761 docet
687 1721 724 1760 1.
752 1718 899 1766 furtim
928 1717 1042 1761 lecto
1071 1718 1292 1770 decedere,
1323 1719 1362 1760 2.
1390 1718 1478 1761 leni
1506 1730 1660 1771 gressu
1687 1719 1894 1762 excedere
1923 1717 2132 1771 cubiculo,
2160 1718 2200 1760 3.
2229 1718 2322 1760 viro
2350 1729 2420 1761 co-

211 1811 303 1843 ram
330 1811 409 1852 per
437 1797 561 1850 signa
590 1795 786 1850 colloqui.
829 1795 1115 1840 Enumeraret
1144 1796 1256 1840 enim
1286 1796 1400 1840 inter
1426 1809 1479 1840 ea
1506 1796 1667 1849 quibus·
1691 1796 1865 1841 adiuvet
1893 1795 2129 1840 amantium
2148 1806 2256 1839 ausa
2271 1794 2417 1839 Venus

209 1890 301 1921 rem
323 1859 386 1920 vad
415 1874 521 1919 illud
549 1874 722 1917 minime
750 1874 1048 1928 pertinentem.
1106 1873 1272 1917 Deinde
1302 1874 1398 1927 quis
1425 1873 1538 1917 ferat
1564 1885 1714 1917 versus
1753 1873 1819 1916 23.
1849 1875 1905 1917 24
1931 1877 2033 1929 post
2059 1873 2141 1917 hoc
2170 1871 2417 1917 distichon?

208 1956 274 1998 An
303 1955 385 1999 hoc
414 1967 584 2008 quoque
605 1952 790 1997 audaces
810 1955 978 1994 tantum
999 1951 1125 1994 docet
1144 1951 1319 1994 Venus?
1349 1951 1434 1995 Sed
1461 1963 1548 1995 non
1568 1951 1718 1995 dubito
1746 1951 1849 2005 quin
1878 1952 1940 1995 ita
1959 1950 2181 2005 scripserit
2201 1949 2414 1994 Tibullus:

528 2033 593 2074 17.
706 2029 780 2072 illa
808 2028 934 2080 favet,
967 2039 1044 2071 seu
1072 2028 1169 2081 quis
1198 2028 1363 2072 iuvenis
1392 2040 1503 2072 nova
1530 2028 1679 2072 limina
1706 2032 1902 2083 temptat,

816 2117 894 2147 seu
922 2108 1090 2148 reserat
1115 2105 1199 2148 fixo
1229 2105 1357 2148 dente
1386 2105 1532 2159 puella
1563 2104 1699 2149 fores:

524 2185 590 2226 21.
702 2183 777 2226 illa
804 2182 895 2225 viro
925 2193 1069 2225 coram
1097 2184 1227 2223 nutus
1258 2180 1452 2225 conferre
1479 2182 1682 2236 loquaces

808 2262 1051 2313 blandaque
1081 2260 1318 2311 conpositis
1347 2260 1507 2302 abdere
1535 2259 1668 2302 verba
1695 2261 1822 2311 notis,

524 2339 587 2381 19.
699 2338 773 2381 illa
802 2338 930 2381 docet
956 2335 1105 2379 furtim
1133 2335 1251 2379 molli
1279 2335 1489 2380 decedere
1517 2336 1643 2389 lecto,

807 2415 882 2457 illa
909 2414 1062 2466 pedem
1091 2412 1210 2455 nullo
1239 2425 1398 2466 ponere
1427 2424 1558 2466 posse
1587 2424 1707 2456 sono.

519 2495 584 2536 23.
697 2507 776 2537 nec
805 2494 932 2536 docet
959 2491 1041 2535 hoc
1070 2491 1220 2543 omniS,
1253 2491 1330 2535 sed
1359 2504 1467 2546 quos
1497 2503 1577 2535 nec
1596 2487 1919 2534 inertiatardat

804 2582 885 2615 nec
911 2572 1032 2614 vetat
1061 2569 1244 2613 obscura
1274 2580 1452 2623 surgere
1480 2572 1607 2613 nocte
1635 2567 1777 2612 timor.

200 2651 420 2694 Pedestris
450 2650 660 2693 sermonis
689 2649 874 2703 scriptor
912 2648 974 2690 ita
1002 2647 1147 2701 potius
1175 2647 1375 2690 dixisset:
1413 2658 1514 2689 nam
1550 2657 1662 2699 quae
1692 2644 1790 2697 (nos
1819 2644 2011 2697 quoque)
2039 2643 2131 2686 viro
2160 2653 2305 2685 coram
2333 2653 2412 2695 per

200 2730 324 2782 signa
350 2727 508 2770 blande
538 2726 724 2779 colloqui
754 2726 902 2777 docet,
943 2725 1093 2767 eadem
1128 2724 1242 2767 lecto
1281 2735 1452 2778 quoque
1490 2722 1639 2765 furtim
1666 2721 1899 2772 decedere,
1930 2720 2082 2763 eadem
2108 2720 2264 2772 pedem
2291 2719 2410 2762 nullo

199 2819 305 2849 sono
334 2819 496 2859 ponere
525 2806 664 2848 docet.
722 2805 792 2847 Ita
819 2804 931 2846 hanc
961 2801 1259 2845 difficultatem
1287 2806 1393 2855 puto
1423 2813 1523 2844 esse
1551 2799 1867 2843 removendam.
1926 2797 2013 2841 Sed
2039 2800 2180 2842 restat
2207 2797 2305 2842 alia.

361 2883 472 2927 Nam
500 2886 600 2936 post
628 2892 798 2926 versum
829 2880 883 2923 24
911 2879 1207 2924 hexametrum
1234 2877 1418 2933 legimus
1446 2876 1611 2921 minore
1638 2887 1767 2920 versu
1796 2878 2034 2928 carentem,
2065 2874 2138 2930 qui
2168 2874 2207 2919 si
2236 2876 2409 2919 senten-

194 2960 299 3003 tiam
330 2963 503 3014 spectas
532 2970 683 3013 parum
713 2957 934 3001 commode
963 2954 1246 3009 interpositus
1276 2958 1364 2998 est:

745 3047 797 3077 en
829 3046 908 3086 ego
939 3045 1033 3074 cum
1064 3031 1256 3074 tenebris
1286 3035 1379 3073 tota
1407 3042 1540 3083 vagor
1567 3030 1720 3072 anxius
1749 3028 1867 3070 urbe.
