<?xml version="1.0" encoding="UTF-8"?>
<!DOCTYPE html PUBLIC "-//W3C//DTD XHTML 1.0 Transitional//EN"
    "http://www.w3.org/TR/xhtml1/DTD/xhtml1-transitional.dtd">
<html xmlns="http://www.w3.org/1999/xhtml" xml:lang="en" lang="en">
 <head>
  <title>
</title>
<meta http-equiv="Content-Type" content="text/html;charset=utf-8" />
  <meta name='ocr-system' content='tesseract 3.04.00' />
  <meta name='ocr-capabilities' content='ocr_page ocr_carea ocr_par ocr_line ocrx_word'/>
</head>
<body>
  <div class='ocr_page' id='page_1' title='image "4770938_0019.png"; bbox 0 0 2550 3260; ppageno 0'>
   <div class='ocr_carea' id='block_1_1' title="bbox 1296 117 1320 157">
    <p class='ocr_par' dir='ltr' id='par_1_1' title="bbox 1296 117 1320 157">
     <span class='ocr_line' id='line_1_1' title="bbox 1296 117 1320 157; baseline 0 0"><span class='ocrx_word' id='word_1_1' title='bbox 1296 117 1320 157; x_wconf 87' lang='grc'><strong>7</strong></span> 
     </span>
    </p>
   </div>
   <div class='ocr_carea' id='block_1_2' title="bbox 171 241 2405 3100">
    <p class='ocr_par' dir='ltr' id='par_1_2' title="bbox 206 241 2403 522">
     <span class='ocr_line' id='line_1_2' title="bbox 206 241 2398 301; baseline 0.002 -14.009"><span class='ocrx_word' id='word_1_2' title='bbox 206 247 385 300; x_wconf 70' lang='grc' dir='ltr'><strong>ι’·οριιιιιι</strong></span> <span class='ocrx_word' id='word_1_3' title='bbox 411 253 522 286; x_wconf 85' lang='lat' dir='ltr'>esse.</span> <span class='ocrx_word' id='word_1_4' title='bbox 563 241 695 296; x_wconf 65' lang='lat' dir='ltr'>Atqui</span> <span class='ocrx_word' id='word_1_5' title='bbox 719 252 897 296; x_wconf 82' lang='lat' dir='ltr'>prorsus</span> <span class='ocrx_word' id='word_1_6' title='bbox 924 241 1083 287; x_wconf 85' lang='lat' dir='ltr'>oblitus</span> <span class='ocrx_word' id='word_1_7' title='bbox 1110 255 1236 299; x_wconf 70' lang='lat' dir='ltr'>verae</span> <span class='ocrx_word' id='word_1_8' title='bbox 1265 256 1370 288; x_wconf 67' lang='lat' dir='ltr'>sune</span> <span class='ocrx_word' id='word_1_9' title='bbox 1399 244 1660 289; x_wconf 86' lang='lat' dir='ltr'>condicionis</span> <span class='ocrx_word' id='word_1_10' title='bbox 1680 255 1769 287; x_wconf 75' lang='lat' dir='ltr'>una</span> <span class='ocrx_word' id='word_1_11' title='bbox 1792 243 1899 289; x_wconf 84' lang='lat' dir='ltr'>sibi·</span> <span class='ocrx_word' id='word_1_12' title='bbox 1893 256 2003 290; x_wconf 86' lang='lat' dir='ltr'>-esse</span> <span class='ocrx_word' id='word_1_13' title='bbox 2023 249 2068 290; x_wconf 90' lang='lat' dir='ltr'>et</span> <span class='ocrx_word' id='word_1_14' title='bbox 2086 245 2273 301; x_wconf 77' lang='lat' dir='ltr'><strong>colloqui</strong></span> <span class='ocrx_word' id='word_1_15' title='bbox 2300 257 2398 290; x_wconf 80' lang='lat' dir='ltr'>cum</span> 
     </span>
     <span class='ocr_line' id='line_1_3' title="bbox 212 303 2402 379; baseline 0.001 -13.006"><span class='ocrx_word' id='word_1_16' title='bbox 212 322 365 379; x_wconf 71' lang='lat' dir='ltr'>puelle</span> <span class='ocrx_word' id='word_1_17' title='bbox 399 320 581 373; x_wconf 71' lang='lat' dir='ltr'>videtur,</span> <span class='ocrx_word' id='word_1_18' title='bbox 609 318 690 362; x_wconf 88' lang='lat' dir='ltr'>cui</span> <span class='ocrx_word' id='word_1_19' title='bbox 726 319 832 362; x_wconf 85' lang='lat' dir='ltr'>dicit</span> <span class='ocrx_word' id='word_1_20' title='bbox 858 330 945 362; x_wconf 87' lang='grc' dir='ltr'><strong>ιιοιι</strong></span> <span class='ocrx_word' id='word_1_21' title='bbox 972 319 1116 373; x_wconf 65' lang='lat' dir='ltr'>qualia</span> <span class='ocrx_word' id='word_1_22' title='bbox 1144 303 1401 365; x_wconf 53' lang='lat' dir='ltr'>absentibus</span> <span class='ocrx_word' id='word_1_23' title='bbox 1438 332 1608 376; x_wconf 82' lang='lat' dir='ltr'>quoque</span> <span class='ocrx_word' id='word_1_24' title='bbox 1645 321 1730 364; x_wconf 91' lang='lat' dir='ltr'>dici</span> <span class='ocrx_word' id='word_1_25' title='bbox 1755 325 1951 376; x_wconf 82' lang='lat' dir='ltr'>possunt,</span> <span class='ocrx_word' id='word_1_26' title='bbox 1994 323 2073 366; x_wconf 80' lang='lat' dir='ltr'>sed</span> <span class='ocrx_word' id='word_1_27' title='bbox 2099 327 2299 368; x_wconf 69' lang='lat' dir='ltr'>accurate</span> <span class='ocrx_word' id='word_1_28' title='bbox 2326 324 2402 367; x_wconf 70' lang='lat' dir='ltr'>det</span> 
     </span>
     <span class='ocr_line' id='line_1_4' title="bbox 208 394 2403 463; baseline 0.001 -20.01"><span class='ocrx_word' id='word_1_29' title='bbox 208 394 454 457; x_wconf 57' lang='lat' dir='ltr'>pheceptn</span> <span class='ocrx_word' id='word_1_30' title='bbox 470 410 569 451; x_wconf 73' lang='lat' dir='ltr'>quo</span> <span class='ocrx_word' id='word_1_31' title='bbox 565 397 711 440; x_wconf 86' lang='lat' dir='ltr'>modo</span> <span class='ocrx_word' id='word_1_32' title='bbox 719 396 927 439; x_wconf 68' lang='lat' dir='ltr'>utendum</span> <span class='ocrx_word' id='word_1_33' title='bbox 954 397 1015 440; x_wconf 85' lang='lat' dir='ltr'>sit</span> <span class='ocrx_word' id='word_1_34' title='bbox 1029 398 1205 452; x_wconf 70' lang='lat' dir='ltr'>magico</span> <span class='ocrx_word' id='word_1_35' title='bbox 1230 399 1428 463; x_wconf 70' lang='lat' dir='ltr'>carmine,</span> <span class='ocrx_word' id='word_1_36' title='bbox 1459 412 1607 442; x_wconf 86' lang='lat' dir='ltr'>eorum</span> <span class='ocrx_word' id='word_1_37' title='bbox 1635 398 1821 452; x_wconf 85' lang='lat' dir='ltr'>deniqne</span> <span class='ocrx_word' id='word_1_38' title='bbox 1848 412 1969 442; x_wconf 86' lang='lat' dir='ltr'>more</span> <span class='ocrx_word' id='word_1_39' title='bbox 1995 401 2069 453; x_wconf 88' lang='lat' dir='ltr'>qui</span> <span class='ocrx_word' id='word_1_40' title='bbox 2095 414 2246 444; x_wconf 85' lang='lat' dir='ltr'>secure</span> <span class='ocrx_word' id='word_1_41' title='bbox 2273 401 2403 445; x_wconf 74' lang='lat' dir='ltr'>collo-</span> 
     </span>
     <span class='ocr_line' id='line_1_5' title="bbox 215 473 1129 522; baseline -0.007 0"><span class='ocrx_word' id='word_1_42' title='bbox 215 473 1059 522; x_wconf 69' lang='lat' dir='ltr'>cnntnrabuneretrnnsitednlins.</span> <span class='ocrx_word' id='word_1_43' title='bbox 1127 510 1129 513; x_wconf 15' lang='grc' dir='ltr'><em>Α</em></span> 
     </span>
    </p>

    <p class='ocr_par' dir='ltr' id='par_1_3' title="bbox 171 541 2405 1533">
     <span class='ocr_line' id='line_1_6' title="bbox 225 541 2401 609; baseline 0 -11"><span class='ocrx_word' id='word_1_44' title='bbox 225 569 239 579; x_wconf 94' lang='grc'>-·</span> <span class='ocrx_word' id='word_1_45' title='bbox 272 582 275 589; x_wconf 69' lang='lat'>,</span> <span class='ocrx_word' id='word_1_46' title='bbox 308 586 311 590; x_wconf 48' lang='grc'><strong><em>,</em></strong></span> <span class='ocrx_word' id='word_1_47' title='bbox 361 553 494 598; x_wconf 72' lang='lat' dir='ltr'>Nem</span> <span class='ocrx_word' id='word_1_48' title='bbox 529 552 613 597; x_wconf 90' lang='lat' dir='ltr'>ubi</span> <span class='ocrx_word' id='word_1_49' title='bbox 636 552 812 597; x_wconf 69' lang='lat' dir='ltr'>tandem</span> <span class='ocrx_word' id='word_1_50' title='bbox 849 551 1045 596; x_wconf 71' lang='lat' dir='ltr'>dicamus</span> <span class='ocrx_word' id='word_1_51' title='bbox 1077 553 1252 598; x_wconf 73' lang='lat' dir='ltr'>visionis</span> <span class='ocrx_word' id='word_1_52' title='bbox 1288 553 1418 598; x_wconf 76' lang='lat' dir='ltr'>liuius</span> <span class='ocrx_word' id='word_1_53' title='bbox 1454 553 1582 598; x_wconf 85' lang='lat' dir='ltr'>finem</span> <span class='ocrx_word' id='word_1_54' title='bbox 1620 541 1746 599; x_wconf 79' lang='lat' dir='ltr'>esse?</span> <span class='ocrx_word' id='word_1_55' title='bbox 1801 553 1863 598; x_wconf 89' lang='lat' dir='ltr'>Ut</span> <span class='ocrx_word' id='word_1_56' title='bbox 1899 554 2013 598; x_wconf 90' lang='lat' dir='ltr'>enim</span> <span class='ocrx_word' id='word_1_57' title='bbox 2047 553 2280 609; x_wconf 69' lang='lat' dir='ltr'>largiamur</span> <span class='ocrx_word' id='word_1_58' title='bbox 2315 566 2401 598; x_wconf 90' lang='lat' dir='ltr'>non</span> 
     </span>
     <span class='ocr_line' id='line_1_7' title="bbox 211 630 2404 687; baseline -0.002 -9"><span class='ocrx_word' id='word_1_59' title='bbox 211 633 325 678; x_wconf 60' lang='lat' dir='ltr'>{deo</span> <span class='ocrx_word' id='word_1_60' title='bbox 345 631 408 676; x_wconf 70' lang='lat' dir='ltr'>nb</span> <span class='ocrx_word' id='word_1_61' title='bbox 443 631 632 675; x_wconf 72' lang='lat' dir='ltr'>bumana</span> <span class='ocrx_word' id='word_1_62' title='bbox 664 635 822 674; x_wconf 64' lang='lat' dir='ltr'>netur:</span> <span class='ocrx_word' id='word_1_63' title='bbox 855 630 996 674; x_wconf 72' lang='lat' dir='ltr'>aliena</span> <span class='ocrx_word' id='word_1_64' title='bbox 1030 643 1127 675; x_wconf 84' lang='lat' dir='ltr'>esee</span> <span class='ocrx_word' id='word_1_65' title='bbox 1162 632 1266 676; x_wconf 77' lang='lat' dir='ltr'>talis</span> <span class='ocrx_word' id='word_1_66' title='bbox 1292 632 1508 686; x_wconf 80' lang='lat' dir='ltr'>vigilantis</span> <span class='ocrx_word' id='word_1_67' title='bbox 1535 632 1720 676; x_wconf 88' lang='lat' dir='ltr'>hominis</span> <span class='ocrx_word' id='word_1_68' title='bbox 1748 632 1980 685; x_wconf 79' lang='lat' dir='ltr'>insomnia,</span> <span class='ocrx_word' id='word_1_69' title='bbox 2020 636 2156 687; x_wconf 76' lang='lat' dir='ltr'>utque</span> <span class='ocrx_word' id='word_1_70' title='bbox 2182 632 2273 676; x_wconf 77' lang='lat' dir='ltr'>tole</span> <span class='ocrx_word' id='word_1_71' title='bbox 2299 631 2404 685; x_wconf 86' lang='lat' dir='ltr'>quid</span> 
     </span>
     <span class='ocr_line' id='line_1_8' title="bbox 207 709 2403 766; baseline -0 -11"><span class='ocrx_word' id='word_1_72' title='bbox 207 711 377 766; x_wconf 62' lang='lat' dir='ltr'>*fingere</span> <span class='ocrx_word' id='word_1_73' title='bbox 415 714 546 764; x_wconf 76' lang='lat' dir='ltr'>poete</span> <span class='ocrx_word' id='word_1_74' title='bbox 580 710 792 765; x_wconf 83' lang='lat' dir='ltr'>potnerit,</span> <span class='ocrx_word' id='word_1_75' title='bbox 826 722 913 753; x_wconf 92' lang='lat' dir='ltr'>non</span> <span class='ocrx_word' id='word_1_76' title='bbox 951 713 1094 754; x_wconf 77' lang='lat' dir='ltr'>tamen</span> <span class='ocrx_word' id='word_1_77' title='bbox 1130 710 1257 755; x_wconf 75' lang='lat' dir='ltr'>aliter</span> <span class='ocrx_word' id='word_1_78' title='bbox 1280 711 1393 755; x_wconf 80' lang='lat' dir='ltr'>-boc-</span> <span class='ocrx_word' id='word_1_79' title='bbox 1410 712 1585 755; x_wconf 84' lang='lat' dir='ltr'>invento</span> <span class='ocrx_word' id='word_1_80' title='bbox 1621 712 1685 755; x_wconf 90' lang='lat' dir='ltr'>uti</span> <span class='ocrx_word' id='word_1_81' title='bbox 1721 715 1914 766; x_wconf 76' lang='lat' dir='ltr'>poterat,</span> <span class='ocrx_word' id='word_1_82' title='bbox 1952 713 2038 756; x_wconf 88' lang='lat' dir='ltr'>nisi</span> <span class='ocrx_word' id='word_1_83' title='bbox 2065 717 2116 756; x_wconf 91' lang='lat' dir='ltr'>ut</span> <span class='ocrx_word' id='word_1_84' title='bbox 2143 724 2192 755; x_wconf 87' lang='lat' dir='ltr'>se</span> <span class='ocrx_word' id='word_1_85' title='bbox 2219 709 2403 764; x_wconf 75' lang='lat' dir='ltr'>fingeret</span> 
     </span>
     <span class='ocr_line' id='line_1_9' title="bbox 211 787 2399 845; baseline -0.001 -12"><span class='ocrx_word' id='word_1_86' title='bbox 211 789 395 845; x_wconf 71' lang='lat' dir='ltr'>primuni</span> <span class='ocrx_word' id='word_1_87' title='bbox 434 787 613 832; x_wconf 74' lang='lat' dir='ltr'>oblinm</span> <span class='ocrx_word' id='word_1_88' title='bbox 649 799 747 831; x_wconf 88' lang='lat' dir='ltr'>esse</span> <span class='ocrx_word' id='word_1_89' title='bbox 783 788 966 831; x_wconf 75' lang='lat' dir='ltr'>miserae</span> <span class='ocrx_word' id='word_1_90' title='bbox 1002 800 1107 832; x_wconf 71' lang='lat' dir='ltr'>sune</span> <span class='ocrx_word' id='word_1_91' title='bbox 1143 789 1415 841; x_wconf 80' lang='lat' dir='ltr'>condicionis,</span> <span class='ocrx_word' id='word_1_92' title='bbox 1454 800 1553 832; x_wconf 87' lang='lat' dir='ltr'>mox</span> <span class='ocrx_word' id='word_1_93' title='bbox 1589 800 1744 843; x_wconf 75' lang='lat' dir='ltr'>magno</span> <span class='ocrx_word' id='word_1_94' title='bbox 1782 789 1929 833; x_wconf 90' lang='lat' dir='ltr'>dolore</span> <span class='ocrx_word' id='word_1_95' title='bbox 1965 789 2196 833; x_wconf 73' lang='lat' dir='ltr'><strong>reminisci.</strong></span> <span class='ocrx_word' id='word_1_96' title='bbox 2268 787 2399 831; x_wconf 83' lang='lat' dir='ltr'>Nullo</span> 
     </span>
     <span class='ocr_line' id='line_1_10' title="bbox 210 865 2405 921; baseline -0.002 -9"><span class='ocrx_word' id='word_1_97' title='bbox 210 868 326 912; x_wconf 84' lang='lat' dir='ltr'>enim</span> <span class='ocrx_word' id='word_1_98' title='bbox 362 867 490 911; x_wconf 90' lang='lat' dir='ltr'>modo</span> <span class='ocrx_word' id='word_1_99' title='bbox 524 866 618 910; x_wconf 75' lang='lat' dir='ltr'>lieni</span> <span class='ocrx_word' id='word_1_100' title='bbox 653 868 843 920; x_wconf 82' lang='lat' dir='ltr'>poterat,</span> <span class='ocrx_word' id='word_1_101' title='bbox 880 870 931 908; x_wconf 89' lang='lat' dir='ltr'>ut</span> <span class='ocrx_word' id='word_1_102' title='bbox 964 877 1101 919; x_wconf 80' lang='lat' dir='ltr'>usque</span> <span class='ocrx_word' id='word_1_103' title='bbox 1138 867 1193 909; x_wconf 69' lang='lat' dir='ltr'>nd</span> <span class='ocrx_word' id='word_1_104' title='bbox 1237 866 1405 919; x_wconf 77' lang='lat' dir='ltr'>elegiae</span> <span class='ocrx_word' id='word_1_105' title='bbox 1439 865 1569 910; x_wconf 45' lang='lat' dir='ltr'>*linem</span> <span class='ocrx_word' id='word_1_106' title='bbox 1612 868 1656 910; x_wconf 90' lang='lat' dir='ltr'>in</span> <span class='ocrx_word' id='word_1_107' title='bbox 1694 867 1845 910; x_wconf 84' lang='lat' dir='ltr'>eodem</span> <span class='ocrx_word' id='word_1_108' title='bbox 1881 879 2027 911; x_wconf 89' lang='lat' dir='ltr'>errore</span> <span class='ocrx_word' id='word_1_109' title='bbox 2064 879 2114 911; x_wconf 87' lang='lat' dir='ltr'>se</span> <span class='ocrx_word' id='word_1_110' title='bbox 2150 876 2405 921; x_wconf 69' lang='lat' dir='ltr'>permanen-</span> 
     </span>
     <span class='ocr_line' id='line_1_11' title="bbox 171 943 2400 1000; baseline -0.001 -10"><span class='ocrx_word' id='word_1_111' title='bbox 171 980 175 984; x_wconf 82' lang='grc'><em>.</em></span> <span class='ocrx_word' id='word_1_112' title='bbox 210 949 301 991; x_wconf 77' lang='lat' dir='ltr'>tem</span> <span class='ocrx_word' id='word_1_113' title='bbox 327 944 590 1000; x_wconf 76' lang='lat' dir='ltr'>depingeret.</span> <span class='ocrx_word' id='word_1_114' title='bbox 646 944 743 989; x_wconf 86' lang='lat' dir='ltr'>Non</span> <span class='ocrx_word' id='word_1_115' title='bbox 785 944 917 997; x_wconf 76' lang='lat' dir='ltr'>igitur</span> <span class='ocrx_word' id='word_1_116' title='bbox 947 943 1074 988; x_wconf 63' lang='lat' dir='ltr'>eliud</span> <span class='ocrx_word' id='word_1_117' title='bbox 1112 948 1283 999; x_wconf 82' lang='lat' dir='ltr'>poterat</span> <span class='ocrx_word' id='word_1_118' title='bbox 1321 956 1432 989; x_wconf 85' lang='lat' dir='ltr'>esse</span> <span class='ocrx_word' id='word_1_119' title='bbox 1463 949 1618 999; x_wconf 76' lang='lat' dir='ltr'>poetae</span> <span class='ocrx_word' id='word_1_120' title='bbox 1660 945 1882 989; x_wconf 84' lang='lat' dir='ltr'>consilium</span> <span class='ocrx_word' id='word_1_121' title='bbox 1923 945 2008 989; x_wconf 87' lang='lat' dir='ltr'>nisi</span> <span class='ocrx_word' id='word_1_122' title='bbox 2047 949 2101 988; x_wconf 88' lang='grc' dir='ltr'>ιιι</span> <span class='ocrx_word' id='word_1_123' title='bbox 2140 955 2290 988; x_wconf 83' lang='lat' dir='ltr'>rursus</span> <span class='ocrx_word' id='word_1_124' title='bbox 2328 955 2400 987; x_wconf 86' lang='lat' dir='ltr'>ve-</span> 
     </span>
     <span class='ocr_line' id='line_1_12' title="bbox 202 1021 2394 1076; baseline -0.001 -9"><span class='ocrx_word' id='word_1_125' title='bbox 202 1034 285 1067; x_wconf 76' lang='lat' dir='ltr'>rae</span> <span class='ocrx_word' id='word_1_126' title='bbox 308 1032 427 1066; x_wconf 35' lang='lat' dir='ltr'>‘sune</span> <span class='ocrx_word' id='word_1_127' title='bbox 457 1022 725 1066; x_wconf 81' lang='lat' dir='ltr'>condicionis</span> <span class='ocrx_word' id='word_1_128' title='bbox 762 1021 1122 1065; x_wconf 70' lang='lat' dir='ltr'><strong>commonefactus</strong></span> <span class='ocrx_word' id='word_1_129' title='bbox 1160 1023 1286 1076; x_wconf 76' lang='lat' dir='ltr'>quasi</span> <span class='ocrx_word' id='word_1_130' title='bbox 1323 1033 1347 1066; x_wconf 91' lang='lat' dir='ltr'>e</span> <span class='ocrx_word' id='word_1_131' title='bbox 1378 1033 1535 1066; x_wconf 84' lang='lat' dir='ltr'>somno</span> <span class='ocrx_word' id='word_1_132' title='bbox 1580 1026 1857 1076; x_wconf 76' lang='lat' dir='ltr'>experrectus</span> <span class='ocrx_word' id='word_1_133' title='bbox 1892 1022 2156 1066; x_wconf 70' lang='lat' dir='ltr'>miserrimas</span> <span class='ocrx_word' id='word_1_134' title='bbox 2194 1021 2394 1075; x_wconf 80' lang='lat' dir='ltr'>querelas</span> 
     </span>
     <span class='ocr_line' id='line_1_13' title="bbox 210 1099 2397 1153; baseline -0.001 -10"><span class='ocrx_word' id='word_1_135' title='bbox 210 1100 413 1143; x_wconf 71' lang='lat' dir='ltr'>funderet</span> <span class='ocrx_word' id='word_1_136' title='bbox 438 1099 565 1153; x_wconf 82' lang='lat' dir='ltr'>longe</span> <span class='ocrx_word' id='word_1_137' title='bbox 593 1099 720 1142; x_wconf 77' lang='lat' dir='ltr'>aliter</span> <span class='ocrx_word' id='word_1_138' title='bbox 746 1110 798 1142; x_wconf 82' lang='lat' dir='ltr'>ac</span> <span class='ocrx_word' id='word_1_139' title='bbox 823 1099 950 1142; x_wconf 89' lang='lat' dir='ltr'>modo</span> <span class='ocrx_word' id='word_1_140' title='bbox 977 1100 1117 1142; x_wconf 84' lang='lat' dir='ltr'>animo</span> <span class='ocrx_word' id='word_1_141' title='bbox 1145 1099 1419 1143; x_wconf 77' lang='lat' dir='ltr'>infomasset</span> <span class='ocrx_word' id='word_1_142' title='bbox 1444 1111 1536 1143; x_wconf 92' lang='lat' dir='ltr'>rem</span> <span class='ocrx_word' id='word_1_143' title='bbox 1563 1111 1612 1142; x_wconf 90' lang='lat' dir='ltr'>se</span> <span class='ocrx_word' id='word_1_144' title='bbox 1637 1099 1809 1143; x_wconf 80' lang='lat' dir='ltr'>habere.</span> <span class='ocrx_word' id='word_1_145' title='bbox 1855 1100 1914 1142; x_wconf 83' lang='lat' dir='ltr'>At</span> <span class='ocrx_word' id='word_1_146' title='bbox 1931 1099 2014 1142; x_wconf 89' lang='lat' dir='ltr'>boc</span> <span class='ocrx_word' id='word_1_147' title='bbox 2031 1100 2105 1143; x_wconf 91' lang='lat' dir='ltr'>ubi</span> <span class='ocrx_word' id='word_1_148' title='bbox 2123 1100 2363 1143; x_wconf 80' lang='lat' dir='ltr'>invenimus</span> <span class='ocrx_word' id='word_1_149' title='bbox 2376 1099 2397 1140; x_wconf 68' lang='grc' dir='ltr'>’ἓ</span> 
     </span>
     <span class='ocr_line' id='line_1_14' title="bbox 212 1178 2393 1232; baseline -0.001 -9"><span class='ocrx_word' id='word_1_150' title='bbox 212 1180 311 1223; x_wconf 79' lang='lat' dir='ltr'>Non</span> <span class='ocrx_word' id='word_1_151' title='bbox 338 1178 468 1222; x_wconf 76' lang='lat' dir='ltr'>alium</span> <span class='ocrx_word' id='word_1_152' title='bbox 495 1178 636 1221; x_wconf 90' lang='lat' dir='ltr'>locum</span> <span class='ocrx_word' id='word_1_153' title='bbox 663 1179 787 1221; x_wconf 87' lang='lat' dir='ltr'>nobis</span> <span class='ocrx_word' id='word_1_154' title='bbox 814 1178 1003 1221; x_wconf 77' lang='lat' dir='ltr'>indicare</span> <span class='ocrx_word' id='word_1_155' title='bbox 1030 1178 1192 1232; x_wconf 87' lang='lat' dir='ltr'>poteris</span> <span class='ocrx_word' id='word_1_156' title='bbox 1219 1178 1303 1221; x_wconf 87' lang='lat' dir='ltr'>nisi</span> <span class='ocrx_word' id='word_1_157' title='bbox 1329 1190 1500 1221; x_wconf 84' lang='lat' dir='ltr'>versum</span> <span class='ocrx_word' id='word_1_158' title='bbox 1528 1179 1599 1230; x_wconf 82' lang='lat'>79,</span> <span class='ocrx_word' id='word_1_159' title='bbox 1638 1190 1766 1231; x_wconf 89' lang='lat' dir='ltr'>quem</span> <span class='ocrx_word' id='word_1_160' title='bbox 1794 1182 1937 1221; x_wconf 76' lang='lat' dir='ltr'>tamen</span> <span class='ocrx_word' id='word_1_161' title='bbox 1963 1178 2105 1221; x_wconf 87' lang='lat' dir='ltr'>locum</span> <span class='ocrx_word' id='word_1_162' title='bbox 2132 1178 2266 1221; x_wconf 77' lang='lat' dir='ltr'>talem</span> <span class='ocrx_word' id='word_1_163' title='bbox 2294 1189 2393 1220; x_wconf 85' lang='lat' dir='ltr'>esse</span> 
     </span>
     <span class='ocr_line' id='line_1_15' title="bbox 213 1255 2402 1311; baseline -0.001 -11"><span class='ocrx_word' id='word_1_164' title='bbox 213 1257 386 1311; x_wconf 76' lang='lat' dir='ltr'>qualem</span> <span class='ocrx_word' id='word_1_165' title='bbox 412 1259 512 1309; x_wconf 88' lang='lat' dir='ltr'>post</span> <span class='ocrx_word' id='word_1_166' title='bbox 538 1255 613 1298; x_wconf 84' lang='lat' dir='ltr'>illa</span> <span class='ocrx_word' id='word_1_167' title='bbox 639 1267 749 1308; x_wconf 80' lang='lat' dir='ltr'>quae</span> <span class='ocrx_word' id='word_1_168' title='bbox 777 1256 903 1298; x_wconf 89' lang='lat' dir='ltr'>modo</span> <span class='ocrx_word' id='word_1_169' title='bbox 939 1256 1116 1309; x_wconf 85' lang='lat' dir='ltr'>exposui</span> <span class='ocrx_word' id='word_1_170' title='bbox 1138 1259 1428 1309; x_wconf 80' lang='lat' dir='ltr'>expectamus</span> <span class='ocrx_word' id='word_1_171' title='bbox 1453 1256 1523 1298; x_wconf 82' lang='lat' dir='ltr'>vix</span> <span class='ocrx_word' id='word_1_172' title='bbox 1561 1256 1786 1308; x_wconf 77' lang='lat' dir='ltr'>quisquam</span> <span class='ocrx_word' id='word_1_173' title='bbox 1822 1256 1905 1298; x_wconf 86' lang='lat' dir='ltr'>sibi</span> <span class='ocrx_word' id='word_1_174' title='bbox 1942 1256 2233 1309; x_wconf 71' lang='lat' dir='ltr'>persuadebit.</span> <span class='ocrx_word' id='word_1_175' title='bbox 2288 1255 2329 1298; x_wconf 84' lang='lat' dir='ltr'>N</span> <span class='ocrx_word' id='word_1_176' title='bbox 2331 1266 2402 1298; x_wconf 80' lang='lat' dir='ltr'>m</span> 
     </span>
     <span class='ocr_line' id='line_1_16' title="bbox 211 1331 2401 1387; baseline -0.001 -9"><span class='ocrx_word' id='word_1_177' title='bbox 211 1346 267 1378; x_wconf 88' lang='lat' dir='ltr'>ne</span> <span class='ocrx_word' id='word_1_178' title='bbox 294 1346 380 1377; x_wconf 91' lang='lat' dir='ltr'>uno</span> <span class='ocrx_word' id='word_1_179' title='bbox 409 1333 581 1387; x_wconf 88' lang='lat' dir='ltr'>quidem</span> <span class='ocrx_word' id='word_1_180' title='bbox 607 1333 737 1376; x_wconf 86' lang='lat' dir='ltr'>verbo</span> <span class='ocrx_word' id='word_1_181' title='bbox 762 1332 889 1375; x_wconf 89' lang='lat' dir='ltr'>modo</span> <span class='ocrx_word' id='word_1_182' title='bbox 915 1331 1082 1376; x_wconf 82' lang='lat' dir='ltr'>felicem</span> <span class='ocrx_word' id='word_1_183' title='bbox 1110 1333 1193 1376; x_wconf 87' lang='lat' dir='ltr'>sibi</span> <span class='ocrx_word' id='word_1_184' title='bbox 1220 1345 1268 1376; x_wconf 88' lang='lat' dir='ltr'>se</span> <span class='ocrx_word' id='word_1_185' title='bbox 1294 1333 1432 1376; x_wconf 80' lang='lat' dir='ltr'>visum</span> <span class='ocrx_word' id='word_1_186' title='bbox 1469 1345 1566 1376; x_wconf 88' lang='lat' dir='ltr'>esse</span> <span class='ocrx_word' id='word_1_187' title='bbox 1601 1333 1725 1375; x_wconf 87' lang='lat' dir='ltr'>dicit:</span> <span class='ocrx_word' id='word_1_188' title='bbox 1770 1334 1911 1386; x_wconf 87' lang='lat' dir='ltr'>pergit</span> <span class='ocrx_word' id='word_1_189' title='bbox 1946 1337 2154 1387; x_wconf 73' lang='lat' dir='ltr'>tanquam</span> <span class='ocrx_word' id='word_1_190' title='bbox 2190 1332 2319 1376; x_wconf 88' lang='lat' dir='ltr'>modo</span> <span class='ocrx_word' id='word_1_191' title='bbox 2346 1332 2401 1375; x_wconf 88' lang='lat' dir='ltr'>de</span> 
     </span>
     <span class='ocr_line' id='line_1_17' title="bbox 215 1409 2399 1464; baseline -0.001 -9"><span class='ocrx_word' id='word_1_192' title='bbox 215 1412 375 1455; x_wconf 84' lang='lat' dir='ltr'>misera</span> <span class='ocrx_word' id='word_1_193' title='bbox 413 1423 491 1453; x_wconf 80' lang='lat' dir='ltr'>sua</span> <span class='ocrx_word' id='word_1_194' title='bbox 529 1410 776 1453; x_wconf 88' lang='lat' dir='ltr'>condicione</span> <span class='ocrx_word' id='word_1_195' title='bbox 803 1409 972 1452; x_wconf 90' lang='lat' dir='ltr'>locutus</span> <span class='ocrx_word' id='word_1_196' title='bbox 1009 1410 1079 1453; x_wconf 88' lang='lat' dir='ltr'>sit.</span> <span class='ocrx_word' id='word_1_197' title='bbox 1133 1411 1193 1452; x_wconf 90' lang='lat' dir='ltr'>Et</span> <span class='ocrx_word' id='word_1_198' title='bbox 1218 1410 1288 1452; x_wconf 84' lang='lat' dir='ltr'>vix</span> <span class='ocrx_word' id='word_1_199' title='bbox 1322 1409 1515 1463; x_wconf 88' lang='lat' dir='ltr'>queritur</span> <span class='ocrx_word' id='word_1_200' title='bbox 1551 1409 1632 1452; x_wconf 91' lang='lat' dir='ltr'>hoc</span> <span class='ocrx_word' id='word_1_201' title='bbox 1667 1409 1782 1452; x_wconf 89' lang='lat' dir='ltr'>loco:</span> <span class='ocrx_word' id='word_1_202' title='bbox 1826 1422 1999 1453; x_wconf 77' lang='lat' dir='ltr'>cansam</span> <span class='ocrx_word' id='word_1_203' title='bbox 2026 1410 2128 1453; x_wconf 79' lang='lat' dir='ltr'>mali</span> <span class='ocrx_word' id='word_1_204' title='bbox 2155 1410 2327 1464; x_wconf 75' lang='lat' dir='ltr'>quaerit</span> <span class='ocrx_word' id='word_1_205' title='bbox 2354 1413 2399 1452; x_wconf 93' lang='lat' dir='ltr'>et</span> 
     </span>
     <span class='ocr_line' id='line_1_18' title="bbox 210 1489 413 1533; baseline -0.01 0"><span class='ocrx_word' id='word_1_206' title='bbox 210 1489 413 1533; x_wconf 72' lang='lat' dir='ltr'>remedia.-</span> 
     </span>
    </p>

    <p class='ocr_par' dir='ltr' id='par_1_4' title="bbox 211 1564 2397 1775">
     <span class='ocr_line' id='line_1_19' title="bbox 373 1564 2397 1619; baseline -0 -10"><span class='ocrx_word' id='word_1_207' title='bbox 373 1567 431 1609; x_wconf 83' lang='lat' dir='ltr'>At</span> <span class='ocrx_word' id='word_1_208' title='bbox 464 1569 603 1609; x_wconf 90' lang='lat' dir='ltr'>totum</span> <span class='ocrx_word' id='word_1_209' title='bbox 638 1564 720 1608; x_wconf 91' lang='lat' dir='ltr'>hoc</span> <span class='ocrx_word' id='word_1_210' title='bbox 748 1568 1050 1617; x_wconf 86' lang='lat' dir='ltr'>commentum,</span> <span class='ocrx_word' id='word_1_211' title='bbox 1092 1569 1143 1608; x_wconf 88' lang='grc' dir='ltr'>ιιι</span> <span class='ocrx_word' id='word_1_212' title='bbox 1175 1564 1319 1608; x_wconf 83' lang='lat' dir='ltr'>furore</span> <span class='ocrx_word' id='word_1_213' title='bbox 1346 1565 1530 1619; x_wconf 81' lang='lat' dir='ltr'>quodam</span> <span class='ocrx_word' id='word_1_214' title='bbox 1559 1565 1762 1619; x_wconf 81' lang='lat' dir='ltr'>abreptus</span> <span class='ocrx_word' id='word_1_215' title='bbox 1791 1564 1985 1609; x_wconf 84' lang='lat' dir='ltr'>Tibullus</span> <span class='ocrx_word' id='word_1_216' title='bbox 2012 1578 2099 1609; x_wconf 70' lang='lat' dir='ltr'>uns</span> <span class='ocrx_word' id='word_1_217' title='bbox 2128 1577 2225 1609; x_wconf 86' lang='lat' dir='ltr'>cum</span> <span class='ocrx_word' id='word_1_218' title='bbox 2252 1564 2397 1619; x_wconf 78' lang='lat' dir='ltr'>puella</span> 
     </span>
     <span class='ocr_line' id='line_1_20' title="bbox 211 1641 2396 1697; baseline -0.001 -9"><span class='ocrx_word' id='word_1_219' title='bbox 211 1656 309 1689; x_wconf 81' lang='lat' dir='ltr'>esse</span> <span class='ocrx_word' id='word_1_220' title='bbox 337 1644 418 1688; x_wconf 91' lang='lat' dir='ltr'>sibi</span> <span class='ocrx_word' id='word_1_221' title='bbox 445 1643 580 1687; x_wconf 79' lang='lat' dir='ltr'>videri</span> <span class='ocrx_word' id='word_1_222' title='bbox 607 1645 798 1696; x_wconf 87' lang='lat' dir='ltr'>putetur,</span> <span class='ocrx_word' id='word_1_223' title='bbox 843 1643 1038 1686; x_wconf 83' lang='lat' dir='ltr'>maximis</span> <span class='ocrx_word' id='word_1_224' title='bbox 1065 1646 1112 1686; x_wconf 89' lang='lat' dir='ltr'>et</span> <span class='ocrx_word' id='word_1_225' title='bbox 1137 1655 1247 1697; x_wconf 77' lang='lat' dir='ltr'>quae</span> <span class='ocrx_word' id='word_1_226' title='bbox 1276 1643 1382 1686; x_wconf 83' lang='lat' dir='ltr'>solvi</span> <span class='ocrx_word' id='word_1_227' title='bbox 1416 1655 1502 1686; x_wconf 90' lang='lat' dir='ltr'>non</span> <span class='ocrx_word' id='word_1_228' title='bbox 1538 1643 1709 1697; x_wconf 83' lang='lat' dir='ltr'>possint</span> <span class='ocrx_word' id='word_1_229' title='bbox 1746 1641 2068 1686; x_wconf 76' lang='lat' dir='ltr'>difficultatibus</span> <span class='ocrx_word' id='word_1_230' title='bbox 2107 1643 2249 1686; x_wconf 89' lang='lat' dir='ltr'>teneri</span> <span class='ocrx_word' id='word_1_231' title='bbox 2287 1643 2396 1686; x_wconf 80' lang='lat' dir='ltr'>satis</span> 
     </span>
     <span class='ocr_line' id='line_1_21' title="bbox 214 1722 782 1775; baseline -0.005 -10"><span class='ocrx_word' id='word_1_232' title='bbox 214 1723 318 1765; x_wconf 78' lang='lat' dir='ltr'>mihi</span> <span class='ocrx_word' id='word_1_233' title='bbox 345 1723 506 1765; x_wconf 64' lang='lat' dir='ltr'>videor&gt;</span> <span class='ocrx_word' id='word_1_234' title='bbox 520 1722 782 1775; x_wconf 85' lang='lat' dir='ltr'>exposuisse.</span> 
     </span>
    </p>

    <p class='ocr_par' dir='ltr' id='par_1_5' title="bbox 207 1797 2399 2308">
     <span class='ocr_line' id='line_1_22' title="bbox 381 1797 2397 1854; baseline -0 -11"><span class='ocrx_word' id='word_1_235' title='bbox 381 1799 473 1843; x_wconf 78' lang='lat' dir='ltr'>Iam</span> <span class='ocrx_word' id='word_1_236' title='bbox 510 1799 652 1854; x_wconf 85' lang='lat' dir='ltr'>possit</span> <span class='ocrx_word' id='word_1_237' title='bbox 687 1798 872 1842; x_wconf 81' lang='lat' dir='ltr'>fortasse</span> <span class='ocrx_word' id='word_1_238' title='bbox 907 1797 1061 1853; x_wconf 79' lang='lat' dir='ltr'>aliquis</span> <span class='ocrx_word' id='word_1_239' title='bbox 1099 1798 1239 1842; x_wconf 85' lang='lat' dir='ltr'>dicere</span> <span class='ocrx_word' id='word_1_240' title='bbox 1272 1798 1466 1843; x_wconf 83' lang='lat' dir='ltr'>versibus</span> <span class='ocrx_word' id='word_1_241' title='bbox 1502 1798 1685 1842; x_wconf 78' lang='lat'>33—40</span> <span class='ocrx_word' id='word_1_242' title='bbox 1721 1797 1832 1842; x_wconf 79' lang='lat' dir='ltr'>hanc</span> <span class='ocrx_word' id='word_1_243' title='bbox 1871 1799 2079 1843; x_wconf 86' lang='lat' dir='ltr'>contineri</span> <span class='ocrx_word' id='word_1_244' title='bbox 2116 1799 2397 1843; x_wconf 83' lang='lat' dir='ltr'>sententiam:</span> 
     </span>
     <span class='ocr_line' id='line_1_23' title="bbox 212 1875 2394 1930; baseline -0.001 -9"><span class='ocrx_word' id='word_1_245' title='bbox 212 1881 319 1930; x_wconf 90' lang='lat' dir='ltr'>‚tum</span> <span class='ocrx_word' id='word_1_246' title='bbox 347 1888 443 1920; x_wconf 89' lang='lat' dir='ltr'>cum</span> <span class='ocrx_word' id='word_1_247' title='bbox 473 1881 521 1920; x_wconf 90' lang='lat' dir='ltr'>tu</span> <span class='ocrx_word' id='word_1_248' title='bbox 549 1876 712 1920; x_wconf 89' lang='lat' dir='ltr'>relictis</span> <span class='ocrx_word' id='word_1_249' title='bbox 741 1876 918 1920; x_wconf 84' lang='lat' dir='ltr'>aedibus</span> <span class='ocrx_word' id='word_1_250' title='bbox 946 1888 1110 1920; x_wconf 91' lang='lat' dir='ltr'>mecum</span> <span class='ocrx_word' id='word_1_251' title='bbox 1137 1875 1286 1929; x_wconf 86' lang='lat' dir='ltr'>fugere</span> <span class='ocrx_word' id='word_1_252' title='bbox 1313 1888 1418 1920; x_wconf 82' lang='lat' dir='ltr'>ausa</span> <span class='ocrx_word' id='word_1_253' title='bbox 1446 1877 1531 1919; x_wconf 84' lang='lat' dir='ltr'>eris</span> <span class='ocrx_word' id='word_1_254' title='bbox 1560 1888 1684 1920; x_wconf 91' lang='lat' dir='ltr'>nemo</span> <span class='ocrx_word' id='word_1_255' title='bbox 1710 1876 1868 1929; x_wconf 87' lang='lat' dir='ltr'>inpune</span> <span class='ocrx_word' id='word_1_256' title='bbox 1888 1876 2072 1930; x_wconf 87' lang='lat' dir='ltr'>prodere</span> <span class='ocrx_word' id='word_1_257' title='bbox 2102 1888 2183 1920; x_wconf 89' lang='lat' dir='ltr'>nos</span> <span class='ocrx_word' id='word_1_258' title='bbox 2215 1877 2394 1930; x_wconf 87' lang='lat' dir='ltr'>poterit:</span> 
     </span>
     <span class='ocr_line' id='line_1_24' title="bbox 207 1953 2398 2009; baseline -0 -11"><span class='ocrx_word' id='word_1_259' title='bbox 207 1955 360 2009; x_wconf 80' lang='lat' dir='ltr'>puniet</span> <span class='ocrx_word' id='word_1_260' title='bbox 386 1967 484 1998; x_wconf 88' lang='lat' dir='ltr'>eum</span> <span class='ocrx_word' id='word_1_261' title='bbox 511 1955 656 1997; x_wconf 89' lang='lat' dir='ltr'>Venus</span> <span class='ocrx_word' id='word_1_262' title='bbox 684 1955 804 2008; x_wconf 79' lang='lat' dir='ltr'>ipsa‘,</span> <span class='ocrx_word' id='word_1_263' title='bbox 834 1958 879 1996; x_wconf 92' lang='lat' dir='ltr'>et</span> <span class='ocrx_word' id='word_1_264' title='bbox 905 1965 1156 1997; x_wconf 78' lang='lat' dir='ltr'>usumesse</span> <span class='ocrx_word' id='word_1_265' title='bbox 1184 1955 1240 1997; x_wconf 83' lang='lat' dir='ltr'>ad</span> <span class='ocrx_word' id='word_1_266' title='bbox 1268 1954 1583 2007; x_wconf 82' lang='lat' dir='ltr'>exprimean</span> <span class='ocrx_word' id='word_1_267' title='bbox 1617 1954 1727 1996; x_wconf 84' lang='lat' dir='ltr'>hanc</span> <span class='ocrx_word' id='word_1_268' title='bbox 1762 1954 2020 1996; x_wconf 81' lang='lat' dir='ltr'>sententiam</span> <span class='ocrx_word' id='word_1_269' title='bbox 2055 1953 2195 2008; x_wconf 82' lang='lat' dir='ltr'>figura</span> <span class='ocrx_word' id='word_1_270' title='bbox 2228 1955 2398 2008; x_wconf 75' lang='lat' dir='ltr'>poetice</span> 
     </span>
     <span class='ocr_line' id='line_1_25' title="bbox 209 2031 2396 2085; baseline 0.001 -11"><span class='ocrx_word' id='word_1_271' title='bbox 209 2032 444 2083; x_wconf 84' lang='lat' dir='ltr'>Tibullum,</span> <span class='ocrx_word' id='word_1_272' title='bbox 473 2037 524 2074; x_wconf 89' lang='lat' dir='ltr'>ut</span> <span class='ocrx_word' id='word_1_273' title='bbox 564 2033 608 2074; x_wconf 93' lang='lat' dir='ltr'>in</span> <span class='ocrx_word' id='word_1_274' title='bbox 636 2033 706 2073; x_wconf 85' lang='lat' dir='ltr'>via</span> <span class='ocrx_word' id='word_1_275' title='bbox 734 2045 781 2074; x_wconf 86' lang='lat' dir='ltr'>se</span> <span class='ocrx_word' id='word_1_276' title='bbox 810 2044 907 2074; x_wconf 87' lang='lat' dir='ltr'>esse</span> <span class='ocrx_word' id='word_1_277' title='bbox 936 2044 1032 2074; x_wconf 89' lang='lat' dir='ltr'>cum</span> <span class='ocrx_word' id='word_1_278' title='bbox 1058 2032 1202 2085; x_wconf 84' lang='lat' dir='ltr'>puella</span> <span class='ocrx_word' id='word_1_279' title='bbox 1227 2031 1409 2085; x_wconf 77' lang='lat' dir='ltr'>fingeret</span> <span class='ocrx_word' id='word_1_280' title='bbox 1435 2033 1684 2084; x_wconf 88' lang='lat' dir='ltr'>iuberetque</span> <span class='ocrx_word' id='word_1_281' title='bbox 1720 2032 1853 2073; x_wconf 86' lang='lat' dir='ltr'>oculis</span> <span class='ocrx_word' id='word_1_282' title='bbox 1890 2044 2068 2085; x_wconf 83' lang='lat' dir='ltr'>parcere</span> <span class='ocrx_word' id='word_1_283' title='bbox 2107 2038 2396 2076; x_wconf 64' lang='lat' dir='ltr'>occurrentes</span> 
     </span>
     <span class='ocr_line' id='line_1_26' title="bbox 211 2107 2399 2164; baseline 0.001 -13"><span class='ocrx_word' id='word_1_284' title='bbox 211 2108 391 2152; x_wconf 87' lang='lat' dir='ltr'>Perdnci</span> <span class='ocrx_word' id='word_1_285' title='bbox 430 2108 541 2151; x_wconf 80' lang='lat' dir='ltr'>hanc</span> <span class='ocrx_word' id='word_1_286' title='bbox 578 2107 758 2161; x_wconf 80' lang='lat' dir='ltr'>figuram</span> <span class='ocrx_word' id='word_1_287' title='bbox 792 2120 930 2161; x_wconf 84' lang='lat' dir='ltr'>usque</span> <span class='ocrx_word' id='word_1_288' title='bbox 970 2109 1026 2152; x_wconf 82' lang='lat' dir='ltr'>ad</span> <span class='ocrx_word' id='word_1_289' title='bbox 1058 2120 1229 2152; x_wconf 83' lang='lat' dir='ltr'>versum</span> <span class='ocrx_word' id='word_1_290' title='bbox 1265 2109 1337 2151; x_wconf 83' lang='lat'>40:</span> <span class='ocrx_word' id='word_1_291' title='bbox 1385 2108 1485 2151; x_wconf 88' lang='lat' dir='ltr'>inde</span> <span class='ocrx_word' id='word_1_292' title='bbox 1524 2119 1617 2151; x_wconf 81' lang='lat' dir='ltr'>eam</span> <span class='ocrx_word' id='word_1_293' title='bbox 1660 2109 1800 2151; x_wconf 91' lang='lat' dir='ltr'>omitti</span> <span class='ocrx_word' id='word_1_294' title='bbox 1842 2113 1888 2151; x_wconf 92' lang='lat' dir='ltr'>et</span> <span class='ocrx_word' id='word_1_295' title='bbox 1929 2109 2187 2164; x_wconf 85' lang='lat' dir='ltr'>simpliciore</span> <span class='ocrx_word' id='word_1_296' title='bbox 2228 2110 2399 2153; x_wconf 88' lang='lat' dir='ltr'>dicendi</span> 
     </span>
     <span class='ocr_line' id='line_1_27' title="bbox 209 2186 2399 2248; baseline 0 -18"><span class='ocrx_word' id='word_1_297' title='bbox 209 2197 367 2240; x_wconf 81' lang='lat' dir='ltr'>genere</span> <span class='ocrx_word' id='word_1_298' title='bbox 411 2186 467 2229; x_wconf 84' lang='lat' dir='ltr'>ad</span> <span class='ocrx_word' id='word_1_299' title='bbox 505 2186 672 2248; x_wconf 80' lang='lat' dir='ltr'>Deliam</span> <span class='ocrx_word' id='word_1_300' title='bbox 710 2197 915 2229; x_wconf 83' lang='lat' dir='ltr'>conversa</span> <span class='ocrx_word' id='word_1_301' title='bbox 952 2187 1145 2230; x_wconf 80' lang='lat' dir='ltr'>oratione</span> <span class='ocrx_word' id='word_1_302' title='bbox 1180 2186 1287 2230; x_wconf 81' lang='lat' dir='ltr'>haec</span> <span class='ocrx_word' id='word_1_303' title='bbox 1323 2186 1481 2229; x_wconf 80' lang='lat' dir='ltr'>addere</span> <span class='ocrx_word' id='word_1_304' title='bbox 1508 2189 1706 2240; x_wconf 80' lang='lat' dir='ltr'>poetam:</span> <span class='ocrx_word' id='word_1_305' title='bbox 1755 2198 1915 2240; x_wconf 87' lang='lat' dir='ltr'>‚neque</span> <span class='ocrx_word' id='word_1_306' title='bbox 1950 2187 1988 2229; x_wconf 87' lang='lat' dir='ltr'>si</span> <span class='ocrx_word' id='word_1_307' title='bbox 2026 2187 2131 2241; x_wconf 89' lang='lat' dir='ltr'>quis</span> <span class='ocrx_word' id='word_1_308' title='bbox 2159 2187 2399 2242; x_wconf 86' lang='lat' dir='ltr'>prodiderit</span> 
     </span>
     <span class='ocr_line' id='line_1_28' title="bbox 210 2244 1698 2308; baseline -0.003 0"><span class='ocrx_word' id='word_1_309' title='bbox 210 2265 394 2308; x_wconf 85' lang='lat' dir='ltr'>coniunx</span> <span class='ocrx_word' id='word_1_310' title='bbox 421 2268 523 2307; x_wconf 90' lang='lat' dir='ltr'>tuus</span> <span class='ocrx_word' id='word_1_311' title='bbox 553 2244 732 2307; x_wconf 88' lang='lat' dir='ltr'>credet‘.</span> <span class='ocrx_word' id='word_1_312' title='bbox 1695 2278 1698 2280; x_wconf 93' lang='lat'>·</span> 
     </span>
    </p>

    <p class='ocr_par' dir='ltr' id='par_1_6' title="bbox 208 2341 2397 2477">
     <span class='ocr_line' id='line_1_29' title="bbox 375 2341 2397 2397; baseline 0.001 -11"><span class='ocrx_word' id='word_1_313' title='bbox 375 2342 460 2386; x_wconf 89' lang='lat' dir='ltr'>Sed</span> <span class='ocrx_word' id='word_1_314' title='bbox 490 2342 672 2396; x_wconf 88' lang='lat' dir='ltr'>primum</span> <span class='ocrx_word' id='word_1_315' title='bbox 712 2342 750 2385; x_wconf 88' lang='lat' dir='ltr'>si</span> <span class='ocrx_word' id='word_1_316' title='bbox 788 2342 869 2385; x_wconf 86' lang='lat' dir='ltr'>hoc</span> <span class='ocrx_word' id='word_1_317' title='bbox 895 2342 1103 2386; x_wconf 84' lang='lat' dir='ltr'>voluisset</span> <span class='ocrx_word' id='word_1_318' title='bbox 1137 2345 1267 2397; x_wconf 80' lang='lat' dir='ltr'>poeta</span> <span class='ocrx_word' id='word_1_319' title='bbox 1303 2341 1491 2397; x_wconf 77' lang='lat' dir='ltr'>permale</span> <span class='ocrx_word' id='word_1_320' title='bbox 1526 2341 1678 2385; x_wconf 91' lang='lat' dir='ltr'>lectori</span> <span class='ocrx_word' id='word_1_321' title='bbox 1717 2342 1983 2387; x_wconf 87' lang='lat' dir='ltr'>consuluisse</span> <span class='ocrx_word' id='word_1_322' title='bbox 2022 2344 2229 2387; x_wconf 88' lang='lat' dir='ltr'>dicendus</span> <span class='ocrx_word' id='word_1_323' title='bbox 2268 2349 2397 2388; x_wconf 88' lang='lat' dir='ltr'>esset.</span> 
     </span>
     <span class='ocr_line' id='line_1_30' title="bbox 208 2419 2234 2477; baseline 0.001 -14"><span class='ocrx_word' id='word_1_324' title='bbox 208 2420 320 2464; x_wconf 82' lang='lat' dir='ltr'>Nam</span> <span class='ocrx_word' id='word_1_325' title='bbox 348 2420 422 2474; x_wconf 87' lang='lat' dir='ltr'>qui</span> <span class='ocrx_word' id='word_1_326' title='bbox 449 2424 551 2475; x_wconf 87' lang='lat' dir='ltr'>post</span> <span class='ocrx_word' id='word_1_327' title='bbox 576 2431 727 2463; x_wconf 85' lang='lat' dir='ltr'>versus</span> <span class='ocrx_word' id='word_1_328' title='bbox 758 2420 823 2462; x_wconf 82' lang='lat'>29.</span> <span class='ocrx_word' id='word_1_329' title='bbox 852 2420 919 2473; x_wconf 80' lang='lat'>32,</span> <span class='ocrx_word' id='word_1_330' title='bbox 949 2420 1103 2474; x_wconf 83' lang='lat' dir='ltr'>quibus</span> <span class='ocrx_word' id='word_1_331' title='bbox 1132 2419 1274 2474; x_wconf 82' lang='lat' dir='ltr'>agitur</span> <span class='ocrx_word' id='word_1_332' title='bbox 1301 2419 1354 2462; x_wconf 91' lang='lat' dir='ltr'>de</span> <span class='ocrx_word' id='word_1_333' title='bbox 1382 2419 1548 2462; x_wconf 86' lang='lat' dir='ltr'>Tibullo</span> <span class='ocrx_word' id='word_1_334' title='bbox 1577 2419 1670 2463; x_wconf 92' lang='lat' dir='ltr'>solo</span> <span class='ocrx_word' id='word_1_335' title='bbox 1697 2425 1892 2475; x_wconf 81' lang='lat' dir='ltr'>vagante,</span> <span class='ocrx_word' id='word_1_336' title='bbox 1922 2421 2079 2477; x_wconf 82' lang='lat' dir='ltr'>legerit</span> <span class='ocrx_word' id='word_1_337' title='bbox 2104 2422 2234 2466; x_wconf 82' lang='lat' dir='ltr'>baec:</span> 
     </span>
    </p>

    <p class='ocr_par' dir='ltr' id='par_1_7' title="bbox 206 2496 2399 2943">
     <span class='ocr_line' id='line_1_31' title="bbox 674 2496 1922 2551; baseline 0.001 -11"><span class='ocrx_word' id='word_1_338' title='bbox 674 2498 838 2551; x_wconf 82' lang='lat' dir='ltr'>parcite</span> <span class='ocrx_word' id='word_1_339' title='bbox 866 2498 1097 2541; x_wconf 83' lang='lat' dir='ltr'>luminibus</span> <span class='ocrx_word' id='word_1_340' title='bbox 1125 2509 1203 2540; x_wconf 86' lang='lat' dir='ltr'>seu</span> <span class='ocrx_word' id='word_1_341' title='bbox 1230 2498 1400 2540; x_wconf 78' lang='lat' dir='ltr'>vir&#39;seu</span> <span class='ocrx_word' id='word_1_342' title='bbox 1426 2496 1585 2539; x_wconf 79' lang='lat' dir='ltr'>femina</span> <span class='ocrx_word' id='word_1_343' title='bbox 1612 2497 1690 2540; x_wconf 83' lang='lat' dir='ltr'>fiat</span> <span class='ocrx_word' id='word_1_344' title='bbox 1718 2499 1842 2541; x_wconf 81' lang='lat' dir='ltr'>obvie.</span> <span class='ocrx_word' id='word_1_345' title='bbox 1870 2532 1880 2541; x_wconf 90' lang='lat'>.</span> <span class='ocrx_word' id='word_1_346' title='bbox 1912 2532 1922 2541; x_wconf 90' lang='lat'>.</span> 
     </span>
     <span class='ocr_line' id='line_1_32' title="bbox 207 2575 2397 2632; baseline 0.003 -15"><span class='ocrx_word' id='word_1_347' title='bbox 207 2575 292 2618; x_wconf 85' lang='lat' dir='ltr'>nisi</span> <span class='ocrx_word' id='word_1_348' title='bbox 329 2575 515 2629; x_wconf 78' lang='lat' dir='ltr'>quadam</span> <span class='ocrx_word' id='word_1_349' title='bbox 552 2576 768 2618; x_wconf 78' lang='lat' dir='ltr'>divinandi</span> <span class='ocrx_word' id='word_1_350' title='bbox 801 2575 1005 2618; x_wconf 77' lang='lat' dir='ltr'>facultate</span> <span class='ocrx_word' id='word_1_351' title='bbox 1033 2576 1252 2629; x_wconf 80' lang='lat' dir='ltr'>praeditus</span> <span class='ocrx_word' id='word_1_352' title='bbox 1280 2576 1364 2619; x_wconf 90' lang='lat' dir='ltr'>erit</span> <span class='ocrx_word' id='word_1_353' title='bbox 1390 2575 1506 2618; x_wconf 72' lang='lat' dir='ltr'>haud</span> <span class='ocrx_word' id='word_1_354' title='bbox 1534 2575 1660 2619; x_wconf 88' lang='lat' dir='ltr'>dubie</span> <span class='ocrx_word' id='word_1_355' title='bbox 1688 2577 1896 2630; x_wconf 81' lang='lat' dir='ltr'>cogitabit</span> <span class='ocrx_word' id='word_1_356' title='bbox 1923 2579 1977 2621; x_wconf 89' lang='lat' dir='ltr'>de</span> <span class='ocrx_word' id='word_1_357' title='bbox 2006 2579 2060 2621; x_wconf 89' lang='lat' dir='ltr'>iis</span> <span class='ocrx_word' id='word_1_358' title='bbox 2088 2592 2200 2632; x_wconf 73' lang='lat' dir='ltr'>quae</span> <span class='ocrx_word' id='word_1_359' title='bbox 2228 2580 2397 2624; x_wconf 90' lang='lat' dir='ltr'>Tibullo</span> 
     </span>
     <span class='ocr_line' id='line_1_33' title="bbox 206 2651 2397 2712; baseline 0.002 -14"><span class='ocrx_word' id='word_1_360' title='bbox 206 2653 290 2698; x_wconf 87' lang='lat' dir='ltr'>soli</span> <span class='ocrx_word' id='word_1_361' title='bbox 322 2657 560 2698; x_wconf 83' lang='lat' dir='ltr'>occurrant.</span> <span class='ocrx_word' id='word_1_362' title='bbox 617 2653 717 2698; x_wconf 85' lang='lat' dir='ltr'>Mox</span> <span class='ocrx_word' id='word_1_363' title='bbox 743 2652 811 2697; x_wconf 88' lang='lat' dir='ltr'>his</span> <span class='ocrx_word' id='word_1_364' title='bbox 838 2652 984 2697; x_wconf 88' lang='lat' dir='ltr'>lectis:</span> <span class='ocrx_word' id='word_1_365' title='bbox 1014 2652 1157 2707; x_wconf 81' lang='lat' dir='ltr'>‚celari</span> <span class='ocrx_word' id='word_1_366' title='bbox 1183 2652 1275 2697; x_wconf 84' lang='lat' dir='ltr'>volt</span> <span class='ocrx_word' id='word_1_367' title='bbox 1301 2665 1381 2697; x_wconf 78' lang='lat' dir='ltr'>sua</span> <span class='ocrx_word' id='word_1_368' title='bbox 1406 2652 1523 2697; x_wconf 77' lang='lat' dir='ltr'>furta</span> <span class='ocrx_word' id='word_1_369' title='bbox 1551 2652 1711 2698; x_wconf 90' lang='lat' dir='ltr'>Venus‘</span> <span class='ocrx_word' id='word_1_370' title='bbox 1739 2651 1953 2709; x_wconf 78' lang='lat' dir='ltr'>haerebit,</span> <span class='ocrx_word' id='word_1_371' title='bbox 1993 2657 2160 2702; x_wconf 89' lang='lat' dir='ltr'>nesciet</span> <span class='ocrx_word' id='word_1_372' title='bbox 2187 2669 2397 2712; x_wconf 71' lang='lat' dir='ltr'>quaenam</span> 
     </span>
     <span class='ocr_line' id='line_1_34' title="bbox 207 2731 2399 2786; baseline 0.004 -12"><span class='ocrx_word' id='word_1_373' title='bbox 207 2731 300 2775; x_wconf 86' lang='lat' dir='ltr'>sint</span> <span class='ocrx_word' id='word_1_374' title='bbox 329 2731 405 2774; x_wconf 78' lang='lat' dir='ltr'>illa</span> <span class='ocrx_word' id='word_1_375' title='bbox 430 2731 557 2785; x_wconf 78' lang='lat' dir='ltr'>furta,</span> <span class='ocrx_word' id='word_1_376' title='bbox 598 2733 732 2775; x_wconf 91' lang='lat' dir='ltr'>donec</span> <span class='ocrx_word' id='word_1_377' title='bbox 759 2732 1000 2776; x_wconf 77' lang='lat' dir='ltr'>accuratius</span> <span class='ocrx_word' id='word_1_378' title='bbox 1028 2731 1325 2786; x_wconf 75' lang='lat' dir='ltr'>investigando</span> <span class='ocrx_word' id='word_1_379' title='bbox 1353 2732 1457 2786; x_wconf 88' lang='lat' dir='ltr'>quid</span> <span class='ocrx_word' id='word_1_380' title='bbox 1483 2732 1668 2776; x_wconf 88' lang='lat' dir='ltr'>voluerit</span> <span class='ocrx_word' id='word_1_381' title='bbox 1694 2737 1824 2786; x_wconf 78' lang='lat' dir='ltr'>poeta</span> <span class='ocrx_word' id='word_1_382' title='bbox 1851 2739 2078 2779; x_wconf 78' lang='lat' dir='ltr'>assecutus</span> <span class='ocrx_word' id='word_1_383' title='bbox 2105 2738 2201 2780; x_wconf 89' lang='lat' dir='ltr'>crit.</span> <span class='ocrx_word' id='word_1_384' title='bbox 2259 2738 2399 2782; x_wconf 86' lang='lat' dir='ltr'>Versi-</span> 
     </span>
     <span class='ocr_line' id='line_1_35' title="bbox 210 2809 2398 2868; baseline 0.004 -17"><span class='ocrx_word' id='word_1_385' title='bbox 210 2809 292 2851; x_wconf 86' lang='lat' dir='ltr'>bus</span> <span class='ocrx_word' id='word_1_386' title='bbox 321 2813 466 2868; x_wconf 83' lang='lat' dir='ltr'>autem</span> <span class='ocrx_word' id='word_1_387' title='bbox 494 2810 561 2852; x_wconf 88' lang='lat'>31.</span> <span class='ocrx_word' id='word_1_388' title='bbox 590 2811 646 2853; x_wconf 80' lang='grc'>32</span> <span class='ocrx_word' id='word_1_389' title='bbox 673 2812 884 2854; x_wconf 79' lang='lat' dir='ltr'>diversam</span> <span class='ocrx_word' id='word_1_390' title='bbox 918 2823 1009 2854; x_wconf 88' lang='lat' dir='ltr'>rem</span> <span class='ocrx_word' id='word_1_391' title='bbox 1045 2810 1224 2853; x_wconf 81' lang='lat' dir='ltr'>indicari</span> <span class='ocrx_word' id='word_1_392' title='bbox 1261 2823 1392 2863; x_wconf 79' lang='lat' dir='ltr'>supra</span> <span class='ocrx_word' id='word_1_393' title='bbox 1428 2812 1617 2865; x_wconf 88' lang='lat' dir='ltr'>exposui.</span> <span class='ocrx_word' id='word_1_394' title='bbox 1674 2812 1814 2864; x_wconf 85' lang='lat' dir='ltr'>Igitur</span> <span class='ocrx_word' id='word_1_395' title='bbox 1850 2814 1913 2855; x_wconf 83' lang='lat' dir='ltr'>ita</span> <span class='ocrx_word' id='word_1_396' title='bbox 1950 2826 2119 2867; x_wconf 87' lang='lat' dir='ltr'>quoque</span> <span class='ocrx_word' id='word_1_397' title='bbox 2157 2817 2398 2860; x_wconf 86' lang='lat' dir='ltr'>intellectos</span> 
     </span>
     <span class='ocr_line' id='line_1_36' title="bbox 210 2879 1905 2943; baseline 0.002 -14"><span class='ocrx_word' id='word_1_398' title='bbox 210 2879 363 2930; x_wconf 81' lang='lat' dir='ltr'>versus</span> <span class='ocrx_word' id='word_1_399' title='bbox 391 2886 446 2929; x_wconf 84' lang='lat'>33</span> <span class='ocrx_word' id='word_1_400' title='bbox 472 2900 530 2930; x_wconf 87' lang='lat' dir='ltr'>ss.</span> <span class='ocrx_word' id='word_1_401' title='bbox 560 2900 655 2930; x_wconf 92' lang='lat' dir='ltr'>cum</span> <span class='ocrx_word' id='word_1_402' title='bbox 682 2889 736 2931; x_wconf 90' lang='lat' dir='ltr'>iis</span> <span class='ocrx_word' id='word_1_403' title='bbox 765 2901 875 2942; x_wconf 73' lang='lat' dir='ltr'>quae</span> <span class='ocrx_word' id='word_1_404' title='bbox 903 2888 1179 2943; x_wconf 76' lang='lat' dir='ltr'>praecedunt.</span> <span class='ocrx_word' id='word_1_405' title='bbox 1192 2901 1278 2931; x_wconf 91' lang='lat' dir='ltr'>non</span> <span class='ocrx_word' id='word_1_406' title='bbox 1305 2888 1534 2932; x_wconf 82' lang='lat' dir='ltr'>cohaerere</span> <span class='ocrx_word' id='word_1_407' title='bbox 1559 2888 1781 2932; x_wconf 76' lang='lat' dir='ltr'>fatendum</span> <span class='ocrx_word' id='word_1_408' title='bbox 1809 2891 1905 2933; x_wconf 87' lang='lat' dir='ltr'>erit.</span> 
     </span>
    </p>

    <p class='ocr_par' dir='ltr' id='par_1_8' title="bbox 209 2963 2399 3100">
     <span class='ocr_line' id='line_1_37' title="bbox 372 2963 2399 3025; baseline 0.004 -18"><span class='ocrx_word' id='word_1_409' title='bbox 372 2963 539 3007; x_wconf 90' lang='lat' dir='ltr'>Deinde</span> <span class='ocrx_word' id='word_1_410' title='bbox 568 2964 606 3008; x_wconf 89' lang='lat' dir='ltr'>si</span> <span class='ocrx_word' id='word_1_411' title='bbox 633 2964 739 3009; x_wconf 89' lang='lat' dir='ltr'>illud</span> <span class='ocrx_word' id='word_1_412' title='bbox 765 2966 833 3010; x_wconf 86' lang='lat' dir='ltr'>his</span> <span class='ocrx_word' id='word_1_413' title='bbox 861 2965 1056 3010; x_wconf 81' lang='lat' dir='ltr'>versibus</span> <span class='ocrx_word' id='word_1_414' title='bbox 1085 2964 1326 3019; x_wconf 79' lang='lat' dir='ltr'>significare</span> <span class='ocrx_word' id='word_1_415' title='bbox 1352 2966 1483 3010; x_wconf 81' lang='lat' dir='ltr'>vellet</span> <span class='ocrx_word' id='word_1_416' title='bbox 1509 2966 1704 3010; x_wconf 89' lang='lat' dir='ltr'>Tibullus</span> <span class='ocrx_word' id='word_1_417' title='bbox 1730 2969 1817 3010; x_wconf 89' lang='lat' dir='ltr'>non</span> <span class='ocrx_word' id='word_1_418' title='bbox 1845 2967 1963 3011; x_wconf 76' lang='lat' dir='ltr'>aliud</span> <span class='ocrx_word' id='word_1_419' title='bbox 1990 2974 2106 3012; x_wconf 89' lang='lat' dir='ltr'>certe</span> <span class='ocrx_word' id='word_1_420' title='bbox 2129 2971 2222 3014; x_wconf 90' lang='lat' dir='ltr'>eius</span> <span class='ocrx_word' id='word_1_421' title='bbox 2249 2977 2399 3025; x_wconf 87' lang='lat' dir='ltr'>posset</span> 
     </span>
     <span class='ocr_line' id='line_1_38' title="bbox 209 3039 2399 3100; baseline 0.004 -18"><span class='ocrx_word' id='word_1_422' title='bbox 209 3050 306 3082; x_wconf 86' lang='lat' dir='ltr'>esse</span> <span class='ocrx_word' id='word_1_423' title='bbox 335 3039 559 3084; x_wconf 86' lang='lat' dir='ltr'>consilium</span> <span class='ocrx_word' id='word_1_424' title='bbox 588 3042 673 3085; x_wconf 88' lang='lat' dir='ltr'>nisi</span> <span class='ocrx_word' id='word_1_425' title='bbox 701 3047 750 3086; x_wconf 84' lang='lat' dir='ltr'>ut</span> <span class='ocrx_word' id='word_1_426' title='bbox 778 3043 926 3086; x_wconf 84' lang='lat' dir='ltr'>Deliae</span> <span class='ocrx_word' id='word_1_427' title='bbox 954 3042 1141 3086; x_wconf 83' lang='lat' dir='ltr'>animum</span> <span class='ocrx_word' id='word_1_428' title='bbox 1169 3045 1358 3096; x_wconf 81' lang='lat' dir='ltr'>augeret.</span> <span class='ocrx_word' id='word_1_429' title='bbox 1417 3041 1504 3086; x_wconf 89' lang='lat' dir='ltr'>Sed</span> <span class='ocrx_word' id='word_1_430' title='bbox 1540 3042 1621 3086; x_wconf 89' lang='lat' dir='ltr'>hoc</span> <span class='ocrx_word' id='word_1_431' title='bbox 1660 3043 1701 3100; x_wconf 77' lang='lat' dir='ltr'>si</span> <span class='ocrx_word' id='word_1_432' title='bbox 1725 3043 1878 3096; x_wconf 85' lang='lat' dir='ltr'>voluit,</span> <span class='ocrx_word' id='word_1_433' title='bbox 1923 3046 2038 3098; x_wconf 91' lang='lat' dir='ltr'>quod</span> <span class='ocrx_word' id='word_1_434' title='bbox 2072 3051 2222 3090; x_wconf 78' lang='lat' dir='ltr'>contra</span> <span class='ocrx_word' id='word_1_435' title='bbox 2252 3048 2399 3092; x_wconf 87' lang='lat' dir='ltr'>Disse-</span> 
     </span>
    </p>
   </div>
  </div>
 </body>
</html>
