2550 3260
1286 116 1334 157 11

287 274 289 276 -
372 242 484 301 Nam
521 245 571 284 ut
607 241 772 295 priores
808 253 978 295 quoque
1013 242 1271 298 interpretes
1308 244 1535 289 haeremus
1571 244 1616 287 in
1652 258 1704 288 ea
1731 258 1802 297 re,
1842 245 1957 299 quod
1983 245 2156 289 anxium
2183 258 2232 290 se
2259 247 2406 301 vagari

207 321 314 365 dicit
348 319 563 365 Tibullus:
603 319 775 362 anxium
811 320 925 364 enim
961 320 1044 365 hoc
1081 323 1391 367 sententiarum
1430 334 1593 367 conexu
1631 322 1774 367 dicere
1803 335 1965 372 senon
1992 327 2164 377 poterat
2191 324 2293 368 dum
2320 337 2400 370 suo

207 393 403 453 exemplo
431 396 614 451 probare
644 396 791 440 studet
817 397 839 442 f
844 401 991 450 ortes
1018 410 1047 442 a
1073 399 1240 443 Venere
1267 400 1473 444 adiuvari.
1519 400 1672 455 Neque
1696 400 1779 444 hoc
1806 400 1979 454 pendet,
2009 404 2059 444 ut
2086 404 2212 456 putat
2237 400 2404 445 Husch-

206 475 318 530 kius,
348 488 376 520 a
402 476 567 519 minore
593 486 745 527 versu,
784 487 924 528 neque
958 476 1197 519 audiendus
1236 481 1305 521 est
1332 478 1543 522 Dissenus
1581 479 1655 532 qui
1692 477 1802 522 haec
1839 477 2023 531 profert:
2062 478 2194 531 ,nulla
2229 478 2300 522 hic
2336 492 2403 522 re-

117 589 123 595 .
206 553 464 608 pugnantia:
501 555 664 607 potest·
684 552 777 596 sine
814 552 969 595 timore
995 547 1281 606 periculorum
1308 558 1613 598 nocturnorum
1641 555 1789 609 vagari
1817 567 1945 609 quem
1974 555 2142 598 amoris*
2161 567 2291 599 curae
2319 556 2404 599 sol-

205 625 372 676 uatum
398 628 574 674 habent‘
604 628 719 684 (pag.
748 628 803 672 39
830 628 889 672 ad
913 640 1084 673 versum
1110 629 1198 685 25).
1254 630 1315 674 Ut
1341 631 1457 675 enim
1483 631 1634 676 anxius
1663 644 1783 676 esse
1811 632 1954 687 possit
1982 631 2177 676 Tibullus
2210 655 2258 662 -
2289 633 2405 686 quod

206 707 306 763 quis
330 707 490 762 neget?
516 730 574 752 -.-
601 706 745 751 dicere
773 718 820 749 se
848 706 930 751 hoc
956 706 1051 749 loco
1080 707 1251 749 anxium
1279 719 1376 751 eum
1403 710 1598 762 potuisse
1626 721 1750 761 nego.

373 784 487 838 Quid
523 784 682 839 igitur?
735 783 979 828 Emendare
1013 783 1155 828 locum
1192 788 1371 829 conatus
1409 790 1478 830 est
1512 786 1832 838 Broukhusius‚
1869 791 2048 841 propter
2084 791 2404 842 pentametrum

206 862 381 918 quidem
407 874 537 917 quem
564 862 690 917 sequi
711 861 916 915 putabat:
1010 913 1013 915 v
1277 884 1279 886 -
1464 880 1466 882 v

504 974 507 977 Α
791 938 998 982 Securum
1024 938 1068 982 in
1096 939 1286 984 tenebris
1314 952 1383 984 me
1410 940 1515 984 facit
1542 953 1640 984 esse
1668 941 1827 984 Venus.

209 1018 393 1073 Scripsit
418 1018 550 1071 igitur
578 1016 739 1068 ‚avius‘‚
770 1016 887 1069 quod
913 1017 977 1059 ita
1003 1016 1311 1069 interpretatus
1340 1022 1429 1060 est:
1458 1011 1570 1069 ‚cum
1587 1019 1867 1070 vagabundus
1896 1019 2055 1061 circum
2081 1019 2222 1062 lustra
2250 1019 2404 1062 oberro

207 1096 253 1140 in
282 1096 389 1140 aviis
414 1094 535 1138 urbis
562 1093 838 1148 regionibus‘.
897 1093 986 1137 Sed
1010 1083 1119 1137 haec
1145 1094 1407 1141 Broukhusii
1434 1094 1735 1149 interpretatio
1764 1095 1911 1139 statim
1938 1095 2151 1139 mittenda
2177 1100 2258 1140 est.
2313 1095 2405 1147 Pri-

206 1183 325 1217 mum
361 1173 474 1217 enim
512 1172 623 1216 scire
658 1170 807 1223 velim,
846 1184 1056 1225 quaenam
1094 1171 1181 1214 sint
1216 1172 1263 1214 in
1299 1172 1406 1215 urbe
1443 1184 1599 1225 magna
1637 1176 1681 1214 et
1720 1172 1962 1217 hominibus
2000 1174 2128 1227 plena
2163 1173 2261 1217 loca
2294 1173 2403 1216 avia.

208 1251 378 1297 Deinde
403 1262 491 1296 non
517 1249 562 1293 in
591 1248 698 1293 aviis
727 1248 981 1303 quibusdam
1008 1248 1115 1294 locis
1143 1250 1288 1305 vagari
1317 1261 1364 1293 se
1393 1249 1499 1293 dicit
1526 1248 1719 1293 Tibullus
1749 1250 1826 1293 sed
1854 1253 1949 1294 tota
1975 1251 2110 1294 urbe..
2149 1251 2283 1305 Atqui
2311 1254 2405 1293 tota

207 1331 326 1373 certe
352 1328 457 1372 urbs
484 1328 581 1371 avia
607 1339 693 1370 non
721 1330 829 1370 erat.
885 1326 1031 1384 Possit
1056 1329 1201 1370 autem
1228 1327 1384 1380 aliqms
1411 1327 1596 1370 retinere
1623 1327 1736 1369 hauc
1763 1328 2052 1370 coniecturam
2080 1329 2160 1370 sed
2178 1329 2306 1371 aliter
2333 1341 2405 1370 ex-

207 1406 381 1460 plicare.
438 1405 661 1449 Interdum
699 1404 813 1447 enim
849 1403 1057 1447 vocabulo
1094 1404 1242 1456 ‚avius‘
1278 1408 1460 1447 utuntur
1496 1407 1665 1447 veteres
1704 1416 1799 1446 cum
1826 1417 1854 1447 a
1881 1418 1984 1448 vera
2017 1406 2089 1448 via
2122 1405 2310 1459 aliquem
2336 1417 2405 1449 re-

207 1483 395 1527 cessisse
424 1482 584 1525 dicunt.
629 1482 714 1524 Sed
732 1491 834 1523 num
854 1480 1067 1523 Tibullum
1088 1482 1218 1524 nobis
1241 1481 1451 1535 fingemus
1471 1493 1615 1523 amore
1644 1493 1818 1523 caecum
1836 1485 1999 1524 rectam
2017 1482 2129 1524 viam
2147 1482 2405 1539 reliquisse?

211 1560 341 1603 Certe
368 1560 452 1603 hoc
478 1560 619 1601 noluit
643 1559 752 1610 ipse.
806 1558 999 1600 Primum
1022 1559 1136 1600 enim
1163 1559 1453 1611 quaerendum
1481 1558 1565 1600 erit
1590 1571 1618 1599 a
1646 1559 1913 1609 quanamvia
1939 1559 2180 1601 recesserit.
2237 1559 2405 1601 Deinde

210 1648 308 1686 ctam
336 1637 510 1690 saepius
538 1636 684 1688 vagari
713 1635 912 1677 dicantur
938 1647 1158 1688 nunquam
1193 1638 1339 1678 tamen
1371 1639 1570 1679 amantes
1600 1648 1627 1677 a
1655 1638 1775 1678 certa
1801 1635 1986 1688 quadam
2014 1639 2060 1678 et
2076 1635 2308 1690 proposita
2334 1636 2404 1679 via

207 1716 433 1761 aberrasse
461 1713 672 1757 dicuntur.
710 1712 803 1756 Imo
831 1711 992 1756 nullam
1021 1711 1193 1756 omnino
1219 1712 1487 1773 propositam
1514 1711 1596 1757 sibi
1623 1711 1736 1756 viam
1763 1710 1936 1765 habent,
1966 1710 2130 1756 nullum
2158 1711 2402 1757 consilium:

207 1793 314 1838 nihil
342 1792 428 1837 nisi
454 1791 622 1836 fluores
650 1801 752 1835 suos
781 1790 999 1844 agitantes
1027 1794 1204 1834 currunt
1231 1793 1376 1834 mente
1404 1789 1668 1845 consilioque
1698 1792 1909 1845 expertes,

371 1870 605 1915 Reicienda
640 1869 774 1922 igitur
809 1872 880 1911 est
904 1868 1167 1912 Broukhusii
1205 1869 1463 1911 coniectura.
1519 1868 1670 1921 Neque
1706 1865 1830 1910 video
1859 1881 1945 1922 quo
1973 1868 2100 1911 modo
2128 1867 2405 1922 probabiliter

207 1948 476 1994 emendando
503 1946 854 1990 molestissimum
881 1946 964 1990 hoc
990 1945 1243 1990 vocabulum
1271 1946 1523 1989 submovere
1552 1946 1781 1999 possimus.
1828 1947 1887 1989 At
1915 1945 1952 1989 si
1981 1946 2066 1989 alio
2095 1945 2405 1989 sententiarum

208 2027 373 2069 conexu
407 2025 480 2067 hic
515 2036 668 2067 versus
702 2023 921 2077 legeretur
958 2035 1055 2067 cum
1090 2024 1275 2077 vagandi
1311 2023 1441 2067 verbo
1479 2023 1561 2066 hoc
1589 2023 1841 2066 vocabulum
1867 2024 1978 2066 bene
2005 2023 2278 2067 coniunctum
2306 2036 2402 2067 esse

211 2102 472 2146 diceremus:
510 2101 610 2143 huic
637 2101 734 2144 loco
771 2112 922 2154 pamm
960 2101 1187 2144 convenire
1223 2101 1338 2144 hunc
1365 2113 1535 2143 versum
1562 2101 1768 2144 videmus.
1825 2100 2126 2162 Quaerendum
2152 2100 2284 2153 igitur
2311 2101 2405 2152 erit,

208 2191 274 2228 an*
294 2179 437 2232 aptior
464 2178 505 2220 ei
533 2177 654 2219 loeus
681 2177 864 2219 inveniri
883 2177 1035 2229 possit,
1056 2181 1102 2220 et
1121 2178 1177 2220 ad
1197 2190 1295 2223 eum
1313 2178 1546 2220 redibimus
1566 2178 1639 2219 ubi
1661 2179 1713 2219 de
1733 2178 1927 2220 versibus
1948 2178 2111 2219 29-32
2131 2177 2291 2219 dictum
2310 2178 2405 2220 erit.

373 2255 533 2297 Putant
570 2255 683 2296 enim
719 2252 810 2297 fere
848 2254 1108 2309 interpretes
1145 2253 1214 2298 his
1252 2267 1422 2308 quoque
1449 2254 1643 2298 versibus
1673 2254 1717 2297 id
1745 2266 1873 2307 agere
1903 2253 2136 2307 Tibullum,
2176 2257 2225 2297 ut
2253 2254 2406 2307 probet

206 2331 343 2377 fortes
371 2344 398 2375 a
425 2330 593 2375 Venere
621 2330 813 2373 adiuvari
841 2334 888 2373 et
913 2330 970 2373 ad
997 2329 1109 2373 hanc
1135 2342 1227 2374 rem
1254 2330 1519 2385 probandam
1551 2342 1631 2374 suo
1659 2331 1724 2374 uti
1753 2331 1965 2383 exemplo:

701 2419 788 2450 non
817 2407 922 2449 miln'
948 2407 1072 2464 pigra
1098 2411 1257 2451 nocent
1283 2408 1490 2451 hibernae
1516 2407 1677 2460 frigora
1704 2409 1856 2458 noctis,

811 2493 898 2528 non
925 2482 1030 2528 mihi
1058 2494 1154 2528 cum
1183 2483 1319 2528 multa
1347 2484 1507 2529 decidit
1533 2484 1670 2528 imber
1696 2495 1821 2538 aqua.

703 2573 788 2604 non
817 2561 939 2605 labor
965 2561 1037 2604 hic
1064 2561 1209 2613 laedit,
1239 2567 1405 2605 reseret
1433 2562 1559 2604 modo
1589 2562 1715 2604 Delia
1743 2566 1890 2614 postes

804 2643 861 2682 et
886 2643 1013 2683 vocet
1026 2640 1095 2682 ,ad
1122 2638 1245 2691 digiti
1273 2652 1342 2682 me
1369 2639 1584 2682 taciturna
1612 2652 1776 2682 sonum.

207 2717 335 2770 Apud
354 2717 605 2760 Dissenum
642 2715 749 2758 haec
787 2715 967 2768 legimus
1005 2727 1102 2769 pag.
1131 2714 1188 2757 40
1225 2715 1281 2758 ad
1308 2728 1479 2759 versum
1508 2716 1582 2758 31:
1622 2716 1803 2767 ‚dixerat
1831 2715 1885 2759 de
1914 2715 2081 2758 insidiis
2112 2722 2157 2760 et
2185 2718 2409 2770 periculis:

207 2805 323 2839 nunc
361 2793 544 2850 pergitzr
563 2792 692 2837 etiam
730 2791 884 2838 hiemis
920 2792 985 2837 vis
1013 2803 1099 2836 non
1127 2795 1257 2836 nocet
1284 2791 1410 2845 mihi,
1450 2792 1582 2836 etiam
1619 2792 1775 2837 hiemis
1813 2792 1898 2836 vim
1935 2791 2040 2836 facit
2068 2792 2213 2837 Venus
2242 2799 2291 2838 ut
2319 2795 2412 2840 sine

209 2871 368 2915 damno
395 2870 552 2934 teram,
590 2871 692 2924 quia
719 2882 806 2923 non
834 2870 950 2912 iners
979 2880 1074 2912 sum
1102 2881 1181 2912 nec
1209 2870 1376 2913 declino
1402 2869 1593 2912 laborem
1622 2874 1667 2912 et
1695 2870 1943 2912 molestias‘.

376 2948 463 2990 Sed
482 3003 486 3006 ι
503 2960 587 3000 quo
626 2949 805 2989 tandem
842 2947 1022 2989 consilio
1049 2947 1130 2989 hos
1158 2959 1309 2989 versus
1338 2947 1553 2988 addiderit
1580 2953 1710 2999 poeta
1738 2949 1812 3000 qui
1840 2947 1984 3000 paullo
2013 2948 2256 2990 accuratius
2285 2961 2415 3000 quae-

210 3024 359 3067 siverit
397 3037 483 3067 non
522 3029 609 3066 tam
653 3024 779 3067 facile
818 3024 1017 3067 inveniet.
1076 3023 1264 3066 Primum
1303 3023 1416 3067 enim
1454 3036 1564 3076 quae
1602 3024 1654 3067 de
1694 3024 1912 3067 sententia
1947 3023 2020 3067 illa
2057 3023 2191 3068 fortes
2220 3029 2417 3069 amantes

2196 2450 2228 2481 ὃ
