2550 3260
1283 131 1310 173 4

195 258 363 301 obviam
399 256 523 300 fiant:
567 256 647 300 hos
683 269 860 310 parcere
900 256 1034 299 oculis
1073 270 1170 299 eum
1208 258 1375 310 iubere,
1419 259 1486 301 his
1516 258 1554 301 si
1581 258 1784 320 loquaces
1812 258 1973 301 fuerint
1999 260 2154 302 iratam
2181 261 2392 303 Venerem

195 335 362 379 minari.

361 413 563 457 Formula
590 414 665 457 illa
693 412 869 467 ,parcite
896 412 1141 456 luminibus‘
1170 413 1287 469 apud
1316 413 1514 457 Ovidium
1542 413 1726 457 Perseus
1754 412 1909 467 utitur,
1939 413 2042 457 dum
2070 413 2235 469 profert
2262 418 2393 471 caput

194 492 414 545 Medusae,
455 492 590 535 oculis
620 502 795 545 parcere
822 491 937 545 apud
971 491 1242 546 Propertium
1277 491 1450 536 iubetur
1478 492 1551 548 qui
1579 492 1714 536 sacris
1743 492 1911 535 arcanis
1940 496 2123 536 arcetur.
2194 492 2390 539 Tibullus

194 570 347 624 igitur,
393 570 466 624 qui
504 570 584 612 hac
621 568 803 613 formula
840 571 997 623 utitur,
1052 583 1139 614 non
1176 571 1318 613 minus
1356 571 1480 615 anxie
1523 583 1570 614 se
1613 575 1707 614 tota
1746 570 1852 614 urbe
1894 575 2121 625 vagantem
2165 571 2391 616 celandum

197 659 296 692 esse
334 647 513 701 indicat,
562 660 690 701 quam
728 660 886 692 arcana
927 648 1105 693 deorum
1143 661 1268 693 sacra
1305 653 1381 692 aut
1418 648 1526 692 alias
1564 662 1635 693 res
1675 662 1782 703 quas
1819 649 1965 694 videre
2003 649 2126 694 nefas
2165 655 2246 694 est.
2304 650 2392 695 Sed

192 739 269 770 cur
303 725 477 770 tandem
513 729 739 781 tantopere
777 726 961 780 timeret,
1002 740 1057 771 ne
1097 740 1123 770 a
1161 738 1376 781 quoquam
1401 727 1620 772 videretur
1653 730 1748 779 neu}
1775 729 2131 781 cognosceretur?
2188 727 2384 773 Metuen-

197 805 298 845 dum
326 803 490 845 scilicet
517 807 630 853 erat,
667 815 722 845 ne
761 804 833 855 qui
872 804 916 845 in
945 804 1089 856 aliqua
1117 805 1234 847 urbis
1261 808 1385 857 parte
1413 809 1640 857 vagantem
1667 805 1877 847 vidissent
1903 805 2052 847 statim
2080 801 2232 848 Deliae
2261 817 2393 848 causa

197 895 296 926 eum
322 880 469 935 vagari
496 880 669 924 scirent.
713 881 824 925 Nam
843 896 898 926 ne
923 883 984 925 ita
1011 882 1183 936 quidem
1212 881 1440 927 defendere
1467 883 1571 927 licet
1597 884 1727 926 istam
1753 884 2164 937 interpretationem,
2193 888 2244 927 ut
2272 866 2412 927 dicas!

197 959 386 1022 cogitare
415 958 647 1004 Tibullum,
668 958 722 1004 de
757 959 811 1005 iis
851 960 925 1015 qui
964 971 1012 1005 se
1039 960 1250 1006 vidissent
1282 959 1385 1005 dum
1411 971 1490 1015 per
1516 960 1666 1006 urbem
1692 964 1874 1015 vagatus
1902 960 1988 1006 iam
2016 960 2162 1006 adstet
2189 961 2246 1006 ad
2272 961 2389 1017 ipsas

194 1036 362 1091 puellae
389 1037 524 1080 fores:
555 1037 723 1080 obviam
752 1039 866 1081 enim
894 1037 944 1080 fit
971 1050 1057 1081 non
1086 1038 1160 1090 qui
1187 1038 1337 1081 incidit
1368 1038 1413 1080 in
1441 1039 1629 1080 stantem
1658 1038 1736 1080 sed
1764 1038 1838 1091 qui
1867 1038 2052 1081 occurrit
2078 1039 2210 1081 eunti.
2269 1039 2389 1090 Quae

197 1119 299 1160 sunt
326 1115 457 1169 igitur
483 1113 601 1159 furta
627 1114 713 1167 illa,
745 1128 857 1169 quae
886 1116 1015 1160 celari
1043 1116 1133 1160 volt
1161 1116 1306 1160 Venus
1335 1117 1458 1169 ipsa?
1507 1116 1632 1167 Quod
1660 1117 1773 1159 enim
1801 1116 1919 1160 solus
1947 1129 2026 1170 per
2052 1116 2172 1159 urbis
2201 1117 2292 1171 vias
2320 1130 2391 1159 va-

197 1197 324 1249 gatur
352 1192 545 1238 Tibullus
574 1193 656 1238 hoc
684 1197 801 1238 certe
829 1206 915 1239 non
945 1198 1014 1238 est
1039 1194 1200 1238 furtum
1228 1193 1421 1239 Veneris.
1470 1193 1529 1237 Et
1556 1193 1659 1247 quid
1687 1205 1773 1238 non
1802 1193 1950 1238 credet
1977 1193 2188 1238 coniunx?
2245 1194 2393 1240 Solum

196 1285 275 1327 per
299 1274 391 1315 vias
420 1276 620 1327 vagatum
648 1284 746 1316 esse
775 1272 1014 1316 Tibullum?

361 1352 491 1393 Dicas
520 1361 770 1403 expressum
799 1362 895 1392 esse
923 1350 1169 1392 timidorum
1197 1349 1415 1391 hominum
1444 1335 1624 1401 morem,
1660 1350 1733 1402 qui
1767 1349 1834 1391 vel
1871 1362 1923 1391 ea
1952 1360 2061 1402 quae
2090 1349 2283 1402 cogitant
2308 1351 2392 1404 ipsi

198 1429 253 1472 ab
282 1428 378 1479 aliis
407 1427 606 1481 cognosci
634 1439 762 1480 posse
792 1427 1081 1480 suspicantur:
1120 1427 1183 1469 ita
1211 1425 1427 1469 Tibullum
1465 1426 1538 1479 qui
1565 1438 1644 1480 per
1670 1426 1820 1469 urbem
1848 1430 2028 1480 vagetur
2055 1438 2107 1469 eo
2134 1426 2313 1470 consilio
2343 1431 2392 1470 ut

197 1518 296 1550 mox
324 1506 380 1549 ad
408 1505 556 1549 Deliae
587 1505 756 1548 domum
785 1517 832 1547 se
862 1503 1054 1547 conferat
1082 1504 1233 1547 timere
1260 1507 1598 1558 praetereuntes,
1629 1517 1684 1559 ne
1713 1505 1837 1559 quasi
1857 1518 1881 1547 e
1900 1504 2020 1548 voltu
2047 1504 2184 1559 ipsius
2214 1517 2392 1558 cognos-

201 1597 300 1627 cere
328 1584 498 1636 possint
525 1583 761 1625 consilium.
818 1583 1045 1624 Ferremus
1073 1582 1160 1624 tale
1188 1582 1304 1634 quid,
1334 1582 1371 1623 si
1398 1581 1505 1623 haec
1533 1581 1746 1634 proferret
1773 1586 1903 1635 poeta
1931 1593 2079 1624 errans
2111 1594 2159 1624 re
2186 1576 2290 1624 ve‘ra
2316 1594 2393 1636 per

198 1662 366 1714 urbem,
404 1674 661 1715 quamquam
696 1660 947 1704 miraremur
985 1673 1101 1711 eum,
1139 1659 1213 1712 qui
1247 1672 1303 1703 ne
1338 1659 1555 1702 videretur
1589 1663 1814 1714 tantopere
1849 1660 2040 1711 timeret,
2080 1660 2277 1703 incedere
2316 1673 2393 1713 per
2451 1661 2457 1667 '

196 1740 359 1784 urbem.
419 1739 505 1783 Sed
533 1739 673 1783 aliena
699 1742 802 1782 sunt
829 1738 883 1782 ab
912 1750 963 1782 eo
993 1738 1066 1792 qui
1094 1737 1268 1791 exponit
1297 1749 1418 1791 quae,
1449 1736 1486 1780 si
1515 1736 1687 1790 quando
1714 1742 1906 1791 vagetur,
1937 1741 2143 1782 eventura
2169 1738 2268 1781 sint.

363 1817 565 1860 Attamen
592 1815 794 1871 perlectis
821 1815 1016 1859 versibus
1044 1814 1229 1858 33—40
1254 1813 1370 1857 haud
1399 1813 1526 1857 dubie
1555 1814 1743 1857 animum
1772 1827 2006 1868 cognosces
2043 1814 2225 1858 maxime
2253 1814 2392 1858 conci·

197 1900 337 1938 tatum
366 1900 412 1937 et
440 1895 670 1945 sollicitum
705 1894 878 1944 timore,
921 1906 975 1935 ne
1004 1893 1099 1946 quis
1139 1904 1186 1934 se
1216 1896 1448 1944 cognoscat
1482 1903 1567 1934 neu
1595 1892 1653 1934 sit
1679 1892 1848 1945 loq'uax.
1905 1894 1964 1935 At
1992 1893 2106 1935 unde
2135 1892 2242 1935 haec
2269 1896 2393 1935 tanta

197 1975 417 2026 anxietas,
457 1973 527 2015 hic
564 1972 731 2014 animus
761 1971 945 2014 sollicito
974 1971 1126 2013 timore
1156 1974 1245 2012 tam
1273 1970 1549 2012 vehementer
1577 1975 1820 2022 conmotus,
1862 1971 1900 2012 si
1936 1982 2022 2013 non
2052 1973 2120 2013 est
2148 1970 2319 2013 omnino
2347 1971 2393 2013 in

199 2052 267 2095 via
297 2052 375 2095 sed
404 2051 552 2094 tutus?
608 2050 740 2104 Atqui
769 2052 910 2091 tutum
938 2060 1037 2091 eum
1064 2048 1120 2091 ad
1147 2046 1302 2102 pocula
1330 2047 1481 2091 sedere
1510 2047 1797 2101 cognovimus.
1855 2047 1973 2091 Haec
2001 2047 2132 2101 igitur
2159 2047 2297 2092 altera
2325 2052 2393 2092 est

198 2129 443 2181 difficultas,
484 2128 617 2182 quod,
657 2139 752 2170 cum
781 2128 910 2170 tutus'
931 2126 1133 2180 loquatur
1161 2124 1354 2168 Tibullus
1384 2125 1437 2168 de
1464 2125 1666 2180 periculis
1694 2126 1739 2168 in
1767 2138 1876 2179 quae
1904 2125 2047 2180 possit
2073 2125 2302 2180 aliquando
2330 2125 2393 2169 in-
2449 2142 2453 2144 ⁷

198 2210 354 2260 cidere,
386 2208 529 2250 verbis
559 2211 704 2249 tamen
732 2207 869 2248 utitur
897 2206 1002 2257 eius,
1039 2206 1113 2257 qui
1140 2204 1253 2247 veris
1283 2207 1328 2246 et
1354 2204 1652 2256 praesentibus
1679 2205 1879 2257 periculis
1909 2205 2162 2256 exagitatur.
2219 2204 2393 2247 Disseni

197 2297 299 2332 vero
329 2284 473 2341 opinio
503 2284 540 2329 si
570 2284 637 2329 cui
666 2282 895 2339 placuerit,
934 2282 1080 2328 bibere
1109 2282 1152 2326 in
1182 2282 1276 2337 ipso
1306 2280 1456 2326 Deliae
1493 2280 1638 2326 limine
1677 2281 1909 2336 Tibullum,
1949 2280 2048 2326 huic
2086 2281 2222 2326 multo
2260 2282 2391 2327 etiam

196 2365 334 2418 magis
362 2364 469 2406 haec
498 2363 678 2406 ridicula
700 2362 926 2405 videantur
953 2373 1131 2405 necesse
1161 2364 1241 2404 est.
1298 2359 1408 2402 Nam
1436 2359 1533 2414 quis
1562 2359 1711 2403 credat
1744 2371 1840 2403 eum
1868 2360 1940 2416 qui
1969 2363 2195 2416 tantopere
2224 2361 2388 2417 timeat,

195 2455 248 2484 ne
278 2443 505 2495 quisquam
533 2442 682 2483 Deliae
712 2452 842 2483 causa
871 2453 918 2482 se
948 2441 1156 2483 excubare
1186 2442 1428 2492 cognoscat,
1460 2450 1559 2480 eum
1587 2439 1727 2492 ipsum
1757 2451 1852 2480 cum
1871 2439 1970 2480 vino
1990 2441 2036 2480 et
2064 2439 2220 2492 poculo
2240 2440 2391 2483 sedere

199 2524 299 2562 ante
329 2519 499 2574 puellae
527 2517 643 2562 fores
672 2522 721 2560 ut
749 2518 884 2561 latere
912 2520 1239 2572 praetereuntes
1268 2528 1354 2559 non
1382 2515 1547 2570 possit?

359 2597 445 2640 Sed
484 2596 619 2638 multo
657 2596 787 2638 etiam
825 2596 962 2649 magis
1001 2595 1070 2638 hic
1108 2594 1317 2638 sollicitus
1350 2598 1505 2649 poetae
1540 2594 1708 2637 animus
1751 2593 1831 2637 tibi
1860 2593 2103 2649 displicebit
2132 2594 2168 2636 si
2198 2594 2392 2639 conside-

193 2675 302 2717 raris
339 2675 649 2717 sententiarum
685 2686 903 2716 conexum.
961 2674 1080 2716 Haec
1115 2673 1229 2715 enim
1264 2673 1406 2714 omnia
1440 2671 1715 2726 proferuntur
1743 2673 1799 2714 ad
1835 2672 2098 2727 probandam
2128 2673 2388 2715 sententiam

189 2752 306 2796 illam
336 2764 467 2807 supra
494 2752 779 2807 propositam:
807 2750 943 2795 fortes
972 2751 1172 2795 adiuvare
1200 2750 1339 2805 ipsam
1369 2750 1591 2804 Venerem,
1622 2762 1750 2805 quam
1777 2750 1937 2805 repetit
1963 2749 2031 2794 his
2060 2750 2273 2797 versibus:

659 2831 749 2874 Nec
779 2830 906 2874 docet
934 2831 1014 2874 hoc
1044 2830 1194 2882 omnis,
1225 2828 1304 2873 sed
1330 2841 1438 2883 quos
1466 2840 1547 2872 nec
1575 2829 1731 2872 inertia
1760 2830 1905 2872 tardat

767 2921 847 2953 nec
875 2912 994 2952 vetat
1022 2908 1203 2953 obscura
1232 2918 1407 2961 surgere
1437 2911 1563 2950 nocte
1592 2906 1731 2950 timor.

355 2987 477 3030 Hanc
507 2988 765 3031 sententiam
796 3000 874 3031 suo
904 2987 1097 3040 exemplo
1125 2986 1419 3030 illustraturus
1449 2978 1616 3038 incipit:
1647 2997 1716 3037 ‚en
1745 2987 1838 3038 ego‘
1859 3008 1914 3015 —
1947 2986 2025 3029 sed
2053 2987 2139 3029 iam
2172 2999 2219 3030 se
2248 2987 2391 3041 ipsum

192 3065 385 3125 depingit
415 3077 499 3107 non
530 3065 746 3117 audacem,
787 3076 872 3106 non
902 3064 1056 3108 fortem
1086 3067 1130 3107 et
1159 3066 1335 3117 propter
1362 3063 1658 3106 fortitudinem
1687 3066 1840 3115 tutum,
1875 3064 1953 3107 sed
1980 3068 2227 3117 paventem,
2268 3066 2391 3109 anxie
