2550 3260
1300 129 1326 171 5

227 256 641 310 circumspicientem
667 268 722 300 ne
750 257 847 310 quis
875 267 925 300 se
951 262 1194 311 cognoscat,
1225 269 1352 312 quem
1379 262 1525 301 tamen
1544 258 1691 301 Venus
1717 260 1929 310 protegat,
1958 256 2021 298 ita
2046 258 2164 299 certe
2181 258 2233 297 ut
2258 255 2410 308 puniat

224 334 440 389 loquaces.
486 334 645 379 Videas
673 334 779 388 ipse,
815 346 917 377 num
943 334 1025 378 hoc
1051 336 1245 389 exemplo
1273 336 1349 379 illa
1374 337 1579 389 probetur
1607 335 1842 385 sententia,
1881 334 2146 377 fortitudinis
2173 333 2408 387 praemium

228 423 327 457 esse
353 412 535 457 Veneria
562 411 783 464 auxilium,
827 423 883 455 an
911 413 1135 456 conta-aria.
1191 413 1286 458 Hoc
1312 425 1482 468 quoqne
1508 413 1635 457 velim
1663 412 1922 457 consideres.
1979 411 2032 455 Id
2058 412 2149 466 agit
2175 410 2410 455 seeundum

225 488 456 534 Diasenum
483 489 695 544 Tibullus,
737 493 788 533 ut
814 489 940 535 Delia
965 489 1144 535 Veneris
1180 490 1337 535 auxilio
1374 490 1488 536 freta
1523 491 1655 535 misso
1693 491 1809 535 omni
1846 491 2000 535 timore
2039 490 2198 534 audeat
2235 487 2407 543 aliquid.

228 568 353 620 Quod
379 568 481 612 dum
507 568 706 612 hortatur
731 567 814 612 hoc
840 569 1110 623 potissimum
1135 569 1272 612 utitur
1297 572 1568 623 argumento,
1606 583 1654 613 se
1681 571 1821 625 ipsum
1850 580 2021 623 quoque
2059 572 2201 611 tutum
2228 566 2408 609 reddere

225 646 447 691 Venerem.
502 647 561 689 At
595 646 739 690 hercle
774 645 980 701 perquam
1016 647 1126 690 male
1162 660 1254 691 rem
1290 648 1431 706 egisse
1469 648 1675 691 dicendus
1713 652 1799 700 est,
1839 647 1912 701 qui
1951 647 2052 690 dum
2080 646 2251 690 Deliam
2279 643 2410 687 divini

224 723 370 768 auxilii
406 735 484 778 spe
522 735 717 769 securam
753 722 847 769 fieri
873 723 963 769 volt
1000 737 1047 768 se
1081 724 1231 779 ipsum,
1270 725 1391 769 cuius
1429 724 1624 780 exemplo
1661 725 1799 768 utitur
1832 725 1888 768 ad
1922 723 2178 768 hortandam
2216 721 2409 772 amicam,

226 800 312 843 bac
335 801 431 854 ipsa
457 811 536 855 spe
562 801 734 844 minime
763 811 961 843 securum
987 800 1146 844 factum
1172 813 1270 846 esse
1296 801 1499 846 ostendit.

391 880 500 921 Tum
527 880 631 933 quid
656 880 739 932 hoc
766 884 853 922 est:
881 891 967 922 neu
993 879 1100 934 (me)
1125 883 1285 923 terrete
1314 882 1497 935 strepitu
1533 882 1719 935 pedum?
1775 882 1948 924 Scilicet
1973 893 2030 923 ne
2058 879 2245 923 tenellus
2273 876 2403 919 homo

228 968 253 1000 e
280 959 445 1001 terrore
473 957 667 1002 morbum
705 957 943 1002 contrahat.
999 957 1153 1001 Parum
1181 972 1284 1002 sane
1311 958 1392 1002 hoc
1420 960 1621 1002 convenit
1647 960 1828 1010 amanti,
1872 961 1945 1013 qui
1973 960 2133 1002 amoris
2160 969 2294 1000 causa
2322 968 2412 998 om-

229 1045 307 1076 nes
335 1046 383 1077 se
411 1034 594 1088 labores,
625 1035 768 1078 omnia
793 1034 985 1091 pericula
1010 1034 1193 1079 libenter
1219 1037 1437 1092 suscipere
1464 1036 1673 1081 adfirmat.

393 1113 590 1167 Denique
618 1127 768 1156 versus
796 1115 999 1167 33—40,
1035 1118 1086 1156 ut
1112 1128 1139 1156 a
1165 1115 1350 1158 Disseno
1377 1117 1659 1169 explicantur,
1703 1128 1758 1158 ne
1792 1127 1889 1157 cum
1926 1115 2208 1167 sequentibus
2237 1112 2412 1165 quidem

227 1188 338 1234 bene
365 1190 592 1235 coniuncta
619 1196 732 1236 sunt.
788 1192 939 1247 Neque
966 1205 1050 1247 quo
1072 1192 1198 1236 modo
1225 1192 1453 1237 cohaerere
1480 1195 1644 1248 putarit
1670 1194 1779 1236 dixit
1806 1193 2035 1254 Dissenus,
2066 1193 2141 1255 qui
2167 1203 2246 1245 per
2274 1194 2413 1233 totam

229 1280 357 1323 quam
393 1273 519 1313 vocat
565 1270 796 1313 secundam
831 1270 961 1314 medii
998 1270 1196 1315 carminis
1232 1275 1398 1326 partem
1434 1272 1495 1314 nil
1532 1271 1616 1315 nisi
1653 1269 1846 1323 singulas
1882 1281 1954 1314 res
1993 1269 2232 1323 explicavit.
2304 1267 2412 1310 Cum

228 1345 342 1388 euim
369 1347 602 1389 secundum
629 1348 860 1390 Dissenum
886 1347 954 1390 his
981 1347 1176 1391 versibus
1203 1349 1257 1391 de
1284 1360 1332 1392 se
1360 1349 1453 1392 solo
1480 1360 1558 1403 per
1584 1349 1734 1391 urbem
1760 1350 1944 1400 vagante
1973 1346 2186 1399 loquatur,
2213 1345 2410 1388 versibus

229 1423 412 1465 53—56
448 1436 534 1466 non
571 1425 625 1467 de
665 1437 712 1467 se
751 1425 844 1468 solo
881 1425 1002 1476 dicit,
1042 1426 1120 1468 sed
1156 1426 1209 1468 de
1237 1426 1380 1478 Delia,
1420 1437 1530 1479 quae
1558 1438 1643 1479 quo
1683 1425 1809 1468 modo
1848 1425 2071 1477 coniugem
2097 1423 2248 1467 fallere
2276 1422 2417 1477 possit

228 1502 423 1556 exponit,
472 1502 655 1556 denique
704 1504 758 1547 de
801 1503 926 1547 furtis
962 1503 1016 1547 ab
1054 1503 1259 1546 ambobus
1296 1504 1535 1547 amantibus
1574 1503 1901 1546 committendis.
1969 1503 2160 1546 Transiit
2196 1502 2330 1555 igitur
2357 1502 2414 1544 ad

230 1578 357 1621 aliam
393 1591 504 1631 rem,
548 1580 626 1622 sed
660 1580 733 1623 ubi
775 1584 821 1623 et
861 1591 946 1634 quo
987 1578 1140 1623 modo?
1195 1579 1396 1634 Legimus
1431 1584 1532 1636 post
1564 1592 1734 1624 versum
1762 1580 1835 1633 40,
1877 1580 2037 1624 omissa
2065 1591 2195 1636 sagae
2223 1579 2414 1634 descrip-

226 1660 355 1710 tione,
385 1659 521 1701 haec!

530 1737 596 1778 41.
707 1747 786 1779 nec
813 1740 957 1779 tamen
985 1736 1084 1778 huic
1111 1737 1258 1780 credet
1284 1737 1466 1780 coniunx
1493 1741 1605 1789 tuus,
1635 1741 1684 1779 ut
1713 1737 1818 1778 mihi
1845 1749 1972 1779 verax

803 1813 993 1869 pollicita
1021 1818 1089 1858 est
1115 1804 1280 1869 magico
1309 1827 1413 1869 saga
1440 1814 1689 1859 ministerio.

531 1892 597 1934 53.
707 1891 814 1935 haec
841 1892 945 1934 mihi
972 1892 1200 1949 conposuit
1225 1896 1377 1936 cantus
1405 1892 1501 1948 quis
1528 1891 1676 1936 fallere
1703 1904 1877 1948 posses-z

802 1969 873 2012 ter'
898 1981 1015 2022 cane,
1045 1974 1115 2014 ter
1140 1970 1268 2015 dictis
1296 1970 1456 2026 despue
1485 1969 1753 2014 carminibus.

532 2049 597 2091 55.
709 2047 781 2091 ille
808 2047 914 2092 nihil
942 2049 1102 2104 poterit
1129 2049 1184 2093 de
1211 2049 1335 2093 nobis
1362 2048 1537 2092 credere
1563 2049 1771 2102 cuiquam,

804 2138 890 2171 non
919 2127 1012 2181 sibi,
1043 2129 1081 2172 si
1108 2128 1152 2171 in
1180 2128 1298 2172 molli
1325 2128 1479 2172 viderit
1505 2128 1596 2182 ipse
1625 2130 1732 2170 toro.

396 2207 487 2266 Iam
516 2217 611 2249 cum
638 2205 889 2259 pronomine
917 2206 1044 2257 ,huic‘
1071 2206 1185 2259 quod
1212 2206 1392 2259 legimus
1418 2216 1544 2247 versu
1571 2206 1621 2246 41
1653 2216 1739 2247 non
1767 2204 1877 2247 alius
1906 2205 2048 2258 possit
2074 2203 2307 2258 significari
2334 2207 2419 2250 nisi

231 2288 304 2332 ille
333 2288 407 2340 qui
434 2286 616 2340 prodere
645 2288 823 2327 conetur
850 2285 1065 2328 Tibullum
1092 2285 1230 2328 solum
1257 2290 1494 2338 vagantem,
1535 2285 1590 2326 ad
1627 2285 1755 2326 aliam
1781 2297 1872 2327 rem
1900 2286 2087 2327 transire
2115 2285 2322 2328 dicendus
2351 2292 2420 2329 est

231 2368 362 2421 poeta
388 2374 518 2408 versu
545 2362 618 2415 53,
658 2361 731 2416 qui
758 2373 908 2406 versus
944 2362 1007 2406 ita
1041 2363 1124 2407 erit
1160 2362 1456 2417 explicandus:
1504 2360 1611 2405 haec
1646 2360 1750 2404 mihi
1786 2362 2014 2415 conposuit
2040 2366 2195 2406 cantus
2225 2363 2321 2416 quis
2351 2364 2418 2417 (tu

234 2443 423 2497 quoque)
461 2442 610 2485 fallere
639 2451 803 2495 posses.
861 2439 999 2483 Versu
1024 2441 1155 2493 igitur
1182 2441 1236 2482 53
1264 2441 1319 2483 ad
1347 2451 1442 2482 eam
1469 2440 1607 2493 ipsam
1635 2450 1726 2481 rem
1754 2440 1967 2492 pervenit,
2012 2450 2124 2493 quae
2152 2441 2324 2484 maximi
2351 2447 2420 2485 est

230 2520 436 2564 momenti
464 2523 509 2563 et
537 2518 657 2561 cuius
685 2527 817 2560 causa
844 2517 987 2560 omnia
1013 2517 1088 2561 illa
1114 2529 1225 2571 quae
1251 2517 1515 2572 praecedunt
1541 2517 1724 2560 monuit:
1768 2521 1898 2560 autea
1937 2529 2016 2560 suo
2045 2518 2241 2573 exemplo
2269 2520 2419 2565 Deliae

233 2599 419 2643 animum
448 2597 608 2640 addere
644 2595 829 2647 studuit,
872 2596 957 2639 iam
985 2596 1041 2639 ad
1068 2596 1205 2650 ipsam
1234 2596 1348 2639 redit
1382 2596 1466 2649 ipsi
1494 2595 1664 2649 quoque
1700 2606 1848 2649 sagam
1876 2595 2144 2640 consuluisse
2174 2596 2417 2643 adfirmans.

234 2678 292 2719 At
330 2687 471 2719 nonne
508 2674 740 2729 permirum
777 2677 865 2725 est,
905 2685 960 2716 ne
987 2674 1117 2717 verbo
1145 2674 1316 2727 quidem
1343 2674 1577 2716 indicatum
1606 2684 1703 2716 esse
1731 2673 1817 2716 iam
1844 2675 1967 2728 sequi
1993 2686 2086 2718 rem
2114 2675 2301 2719 omnium
2328 2688 2423 2731 gra-

229 2755 475 2799 vissimam?
533 2753 620 2797 Sed
646 2765 701 2796 ne
729 2752 855 2795 aliam
885 2752 1056 2806 quidem
1083 2765 1174 2796 rem
1204 2752 1325 2806 sequi
1362 2756 1492 2808 poeta
1528 2753 1710 2796 indicat:
1754 2754 1896 2809 pergit
1934 2757 2136 2808 tanquam
2165 2755 2336 2800 rediens
2365 2757 2421 2800 ad

230 2845 321 2876 rem
349 2832 476 2876 modo
504 2835 746 2875 tractatam.
1245 2820 1247 2822 ¹

399 2911 515 2955 Satis
544 2910 648 2953 mihi
676 2911 824 2954 videor
852 2914 1001 2954 contra
1030 2910 1260 2954 Dissenum
1289 2909 1547 2963 disputasse,
1588 2922 1715 2965 quem
1744 2923 1855 2954 nunc
1884 2913 2104 2956 mittamus
2132 2919 2176 2956 et
2205 2915 2423 2958 videamus

231 3002 442 3043 quaenam
481 2989 616 3042 ipsius
647 2993 811 3043 ¹poetae
847 2983 988 3032 verbis
1028 2989 1170 3032 inesse
1217 2988 1358 3043 possit
1397 2989 1625 3031 sententia.
1696 2990 1934 3032 Dicendum
1973 2991 2104 3043 igitur
2142 2992 2225 3033 erit
2262 2992 2360 3035 inde
2398 3004 2424 3034 a

230 3080 358 3110 versu
386 3067 440 3109 33
470 3078 546 3109 eos
575 3066 749 3120 adloqui
776 3066 1009 3119 Tibullum,
1050 3066 1123 3120 qui
1153 3066 1321 3109 obviam
1349 3064 1483 3109 futuri
1513 3067 1601 3110 sint
1629 3067 1710 3109 sibi
1739 3072 1784 3110 et
1813 3067 1962 3111 Deliae
2000 3080 2078 3121 per
2105 3069 2196 3111 vias
2225 3068 2425 3122 fugienti-
