2550 3260
194 1071 428 1150 oblivione
463 1102 555 1147 fere
592 1103 746 1146 obruta
784 1105 886 1144 sunt
923 1113 1034 1164 qnae
1070 1104 1122 1142 ut
1148 1112 1272 1154 opem
1298 1098 1433 1142 ferret
1458 1098 1652 1153 reliquiis
1681 1097 1931 1141 Tibullianis
1959 1097 2219 1151 excogitavit
2244 1107 2382 1150 quon-

193 1177 293 1227 dam
319 1182 383 1226 vir
419 1193 599 1235 magnus
627 1179 842 1233 ,Iosephus
873 1179 1072 1231 Scaliger,
1112 1190 1249 1233 neque
1276 1177 1402 1221 facile
1428 1177 1621 1219 invenias
1650 1177 1764 1219 inter
1792 1187 1879 1228 eos,
1909 1178 1983 1229 qui
2010 1180 2112 1230 post
2139 1176 2379 1219 Lachman-

193 1272 295 1303 num
326 1252 499 1313 operam
527 1258 740 1302 dederunt
767 1255 947 1308 Tibullo,
976 1255 1048 1309 qui
1075 1255 1266 1309 probarit
1288 1255 1458 1310 prolata
1475 1255 1530 1298 ab
1549 1254 1715 1308 Heynio
1742 1258 1787 1296 et
1800 1254 1967 1306 Vossio‚
1996 1265 2178 1307 quorum
2196 1257 2380 1308 uterque

192 1337 409 1392 graviores
447 1335 655 1391 quasdam
691 1333 921 1388 indagasse
959 1331 1040 1376 sibi
1077 1332 1194 1376 visus
1231 1335 1301 1376 est
1327 1330 1605 1386 corruptelae.
1661 1331 1721 1374 Et
1748 1331 1844 1384 quis
1873 1332 2144 1376 contenderit
2170 1337 2247 1375 ant
2277 1332 2379 1375 Sea-

191 1415 372 1468 ligerum
408 1418 485 1457 aut
505 1412 730 1467 .Heynium
767 1414 843 1453 aut
868 1410 1067 1454 Vossium
1095 1409 1200 1453 satis
1229 1409 1456 1464 diligenter
1483 1409 1537 1453 de
1574 1409 1805 1463 elegiarum
1833 1410 2099 1462 quarundam
2127 1409 2379 1464 integritate

193 1492 485 1546 quaesivisse?

356 1569 454 1622 Sed,
482 1573 533 1611 ut
559 1567 653 1611 fieri
681 1567 803 1618 solet,
832 1569 1064 1620 postquam
1093 1577 1295 1619 peccasse
1324 1568 1614 1618 cognoverunt
1640 1576 1728 1617 eos,
1760 1565 1834 1618 qui
1862 1567 2033 1619 gravius
2057 1571 2261 1621 corrupta
2281 1578 2381 1611 esse

190 1647 378 1692 carmina
406 1646 646 1690 Tibulliana
674 1647 941 1696 censuerant,
970 1656 1056 1687 non
1083 1644 1190 1686 satis
1215 1646 1418 1687 caverunt
1445 1642 1628 1696 Scyllam
1655 1642 1850 1686 homines
1879 1644 2007 1687 docti.
2065 1645 2222 1687 Omnia
2250 1645 2377 1697 enim,

196 1725 234 1767 si
252 1735 468 1779 perpauca
487 1723 687 1778 excipiaS,
717 1720 986 1764 defendenda
1003 1732 1101 1764 esse
1119 1720 1287 1775 putavit
1303 1719 1369 1762 vir
1391 1731 1571 1774 magnae
1599 1720 1771 1774 quidem
1798 1724 1843 1764 et
1869 1734 1993 1767 rarae
2022 1722 2272 1778 diligentiae
2301 1723 2381 1768 sed

188 1803 233 1846 in
261 1802 524 1857 explicandis
553 1801 786 1854 elegiarum
815 1800 1063 1851 sententiis,
1103 1799 1382 1854 explanandis
1419 1802 1575 1852 poetae
1603 1799 1793 1842 consiliis
1822 1800 2052 1844 admodum
2080 1801 2248 1855 infelix,
2279 1802 2380 1846 Dis

187 1892 331 1924 senus.
390 1880 473 1932 Qui
501 1891 611 1933 quae
639 1876 889 1922 adfirmarat
924 1890 1031 1921 sana
1066 1889 1164 1920 esse
1202 1882 1247 1920 et
1283 1877 1346 1920 ita
1381 1890 1408 1919 a
1436 1889 1484 1920 se
1512 1877 1607 1930 ipso
1635 1879 1852 1932 exposita,
1889 1883 1939 1920 ut
1965 1880 2119 1922 relicta
2144 1880 2233 1922 iam
2262 1880 2383 1923 nulla

189 1961 308 2002 esset
339 1957 564 2009 dubitatio,
595 1968 647 2000 ea
674 1967 752 2011 pro
782 1955 898 1999 sanis
926 1953 1119 2011 profecto
1146 1958 1404 2010 acceperunt
1420 1954 1706 2009 posteriorum
1724 1955 1931 2010 plerique.
1974 1957 2034 1999 Et
2053 1969 2105 2001 eo
2123 1970 2382 2011 progressus

189 2040 258 2080 est
287 2035 523 2091 Gruppius,
561 2039 611 2077 ut
637 2045 768 2076 unum
798 2045 895 2076 esse
923 2044 1079 2087 corpus
1106 2035 1152 2076 et
1177 2032 1391 2086 integrum
1419 2032 1699 2076 contenderet
1727 2033 1959 2087 elegiarum
1987 2046 2099 2088 quae
2127 2036 2184 2079 ad
2212 2036 2383 2081 Deliam

186 2113 372 2167 scriptae
401 2116 569 2164 essent,
608 2124 686 2166 per
714 2111 828 2163 quod
855 2122 987 2153 unum
1013 2110 1143 2164 idque
1171 2109 1532 2164 sapientissimum
1561 2111 1881 2164 conspiceretur
1908 2112 2070 2165 egregii
2095 2118 2252 2167 poetae
2281 2124 2383 2159 con—

186 2190 341 2234 silium.
401 2191 521 2244 Quae
561 2194 705 2234 autem
743 2189 796 2232 de
834 2189 972 2232 tribus
1001 2179 1158 2231 Tibulli
1194 2187 1301 2231 locis
1338 2188 1675 2243 transpositione
1717 2189 1996 2233 emendandis
2038 2191 2277 2245 disputavit
2312 2194 2380 2237 vir

182 2269 447 2312 clarissimus
475 2268 718 2310 Fridericus
747 2266 935 2308 Haasius
965 2264 1171 2318 (prooem.
1203 2265 1351 2308 aestiv.
1372 2265 1600 2308 Vratislav.
1632 2266 1756 2319 1855)
1795 2278 1882 2310 non
1911 2279 2016 2311 sane
2044 2269 2108 2312 ita
2144 2274 2247 2313 sunt
2280 2282 2381 2314 con—

182 2349 353 2399 parata,
391 2349 442 2388 ut
469 2344 609 2397 gratia
635 2343 736 2385 inde
765 2342 982 2385 conciliari
1010 2342 1151 2396 possit
1178 2342 1387 2386 eiusmodi
1421 2342 1665 2385 conatibus:
1704 2343 1865 2386 nullam
1904 2345 2018 2391 enim
2057 2347 2381 2393 emendationes

181 2423 282 2467 illae
309 2423 471 2467 habent
496 2422 587 2465 veri
617 2420 953 2464 similitudinem.

344 2500 456 2544 Mihi
484 2503 630 2543 tamen
658 2510 915 2553 persuasum
944 2500 1013 2542 est
1039 2498 1274 2543 miserrime
1304 2502 1528 2552 corruptas
1559 2511 1657 2543 esse
1677 2500 1943 2544 Tibullianae
1962 2515 2146 2556 poeseos
2173 2503 2378 2558 reliquias

179 2582 224 2621 et
252 2578 481 2622 nonnullas
511 2590 618 2632 quas
646 2588 760 2619 nunc
788 2579 993 2631 tanquam
1021 2575 1211 2630 integras
1243 2575 1425 2630 legimus
1445 2576 1606 2631 elegias
1624 2576 1867 2632 fragmenta
1885 2578 2030 2634 potius
2048 2580 2264 2635 putandas
2282 2594 2382 2627 esse

178 2656 414 2710 elegiarum
443 2668 530 2699 non
558 2656 669 2699 bene
698 2654 938 2713 coniuncta.
996 2654 1129 2698 Cuius
1156 2655 1325 2707 generis
1355 2655 1721 2710 quaedam-spero
1750 2669 1818 2700 me
1848 2669 2154 2711 persuasunun
2182 2671 2281 2703 esse
2307 2659 2375 2713 iis,

178 2733 250 2788 qui
287 2746 374 2777 non
412 2733 651 2778 sententias
690 2736 859 2776 tantum
896 2732 1123 2786 requirunt
1159 2744 1329 2786 quoquo
1368 2733 1495 2776 modo
1525 2729 1774 2777 coniunctas
1787 2768 1797 2786 ,
1838 2736 1916 2778 sed
1954 2741 2110 2790 poetae
2139 2738 2377 2780 consilium.

176 2811 317 2854 Multa
344 2815 489 2854 tamen
516 2811 698 2865 legimus
728 2821 839 2864 quae
867 2821 922 2853 ne
950 2808 1143 2863 intellegi
1169 2809 1342 2864 quidem
1379 2815 1575 2864 possunt.

342 2889 466 2941 Quod
505 2889 543 2931 si
581 2889 678 2942 quis
707 2888 934 2939 dubitarit,
981 2899 1036 2929 an
1075 2888 1114 2930 is
1151 2887 1282 2931 fuerit
1319 2887 1535 2941 Tibullus,
1577 2901 1704 2942 quem
1741 2891 1871 2934 certis
1911 2892 2101 2935 consiliis
2139 2893 2183 2935 in
2221 2904 2379 2947 conpo-

174 2966 328 3010 nendis
357 2965 506 3021 elegiis
536 2965 765 3020 diligenter
792 2976 919 3008 usum
949 2976 1046 3008 esse
1083 2968 1307 3019 putemus,
1346 2966 1385 3008 is
1425 2971 1526 3010 ante
1565 2969 1707 3011 omnia
1738 2969 1856 3022 legat
1883 2970 2010 3012 velim
2040 2971 2118 3014 sed
2146 2971 2376 3024 diligenter

174 3042 273 3087 libri
310 3044 436 3099 primi
476 3044 657 3099 elegiam
694 3043 869 3088 tertiam
909 3027 1153 3096 conparatis
1191 3055 1304 3097 quae
1343 3043 1396 3088 de
1434 3043 1514 3088 hac
1543 3044 1690 3099 'elegia
1725 3046 1835 3091 bene
1864 3047 2058 3100 disputat
2087 3047 2305 3101 Gruppius
2333 3048 2379 3090 in

1962 3128 1981 3167 l
